2279 2938
500 69 504 72 ”
550 34 1097 131 corEssANruR
1161 60 1554 133 IMAGINI-is.
1801 110 1804 113 -
1843 95 1911 155 *tf

127 167 237 220 ‘Ero
256 167 297 215 in
312 182 391 215 arae
402 165 572 219 dextera
588 183 709 233 parte
725 168 1102 231 nummtun‚patria
1120 181 1228 214 nota
1244 168 1448 233 lignatum
1466 166 1770 222 dedicassetubi
1781 174 1908 238 quod

129 253 183 282 ex
198 231 440 287 usufuerit,
460 231 677 298 rogassent
692 267 707 288 ,
726 249 872 279 aurem
893 231 1116 293 simulacro
1135 231 1369 280 admoviss'e
1386 269 1400 289 ‚
1428 235 1530 283 inde
1547 255 1650 285 vero
1668 237 1692 284 ἐ
1708 235 1810 285 foro
1828 238 1907 283 ab·

133 302 283 347 euntes
308 333 320 349 ‚
355 299 552 346 manibus
569 313 689 345 aures
706 294 890 361 prefliffe
904 330 918 353 ,
947 296 1022 344 ubi
1039 296 1062 344 ἐ
1079 295 1180 344 foro
1199 296 1478 354 exceffiffent‚
1500 304 1656 349 amoris
1673 301 1903 360 manibus,

128 358 465 429 quam'primum
484 360 740 428 excepissent
755 379 933 472 vocen?
953 378 1048 408 eam
1065 361 1141 408 fibi
1158 364 1320 410 oraculi
1335 361 1439 411 loco
1460 365 1631 413 duxisse.

125 495 256 607 D
267 496 286 539 1
298 509 326 540 c
344 510 369 539 u
381 510 413 539 N
427 508 457 538 τ
491 487 754 555 Philosophi,
772 492 921 537 Deum
939 505 1028 554 opt.
1042 495 1163 540 Max.
1182 493 1292 538 inter
1302 490 1506 556 plurima,
1524 510 1616 558 quae
1627 495 1669 540 in
1680 493 1903 542 homiuem

268 557 450 604 contulit
465 555 689 610 dona,duo
700 555 1165 619 praecipueadmiranda
1175 555 1255 603 effe
1267 558 1637 622 elargitumzunum
1648 557 1728 605 esse
1741 561 1903 606 oratio-

122 638 233 668 nem
259 654 273 675 ‚
307 622 486 667 alterum
502 636 709 666 manuum
727 618 857 666 usum.
925 624 1076 667 Sermo
1094 623 1205 668 enim
1223 655 1237 675 ,
1258 623 1391 669 animi
1408 620 1521 669 senia
1537 625 1778 687 exprimens
1792 657 1799 673 ,
1811 640 1904 669 ma-

132 689 290 746 ximam
302 685 388 731 vim
402 685 452 730 ad
464 683 532 739 id,
551 681 910 748 quodvolumus,
929 684 1268 749 persuadendum
1280 686 1408 733 habet
1441 707 1454 743 3
1487 703 1636 735 manus
1654 704 1795 734 autem
1812 700 1915 733 ina-²

136 752 251 797 xima
267 746 468 796 industria
484 750 640 795 cuneta
667 747 720 795 ad
736 750 870 796 vitam
886 749 1115 796 humanam
1132 748 1325 798 facientia
1341 766 1577 814 procurant
1600 786 1615 806 ,
1650 754 1902 800 cunctarum

131 816 287 862 artium
304 829 485 868 munera
501 811 715 860 obeuntes
739 846 754 866 ,
787 830 879 878 quac
897 830 966 861 aut
983 815 1086 862 olim
1105 813 1196 862 sunt
1211 830 1411 880 repertae‚
1428 832 1502 863 aut
1516 819 1563 862 in
1579 813 1771 863 futurum
1784 823 1904 881 repe·

132 881 312 925 rientur.
380 878 500 942 Qia
523 894 629 925 vero
655 892 807 925 ornata
825 882 968 925 oratio
985 876 1197 942 saepenon
1222 880 1398 943 prodest
1421 913 1436 935 ,
1470 884 1608 928 immo
1625 897 1755 928 nocet
1770 882 1904 945 pluri-

131 959 280 999 mum,
299 941 375 990 nifi
391 941 604 989 rationem
621 974 633 992 ‚
659 957 789 1005 atque
816 943 1090 1007 prudentiam
1108 948 1315 991 comitem
1339 944 1493 992 habeat
1527 966 1539 1002 3
1573 962 1656 992 nec
1681 946 1905 1010 prudentia
1947 984 1953 992 a

131 1013 179 1056 in
195 1023 429 1056 commune
449 1008 606 1069 aliquid
623 1006 735 1053 boni
752 1006 903 1054 afferre
920 1008 1075 1072 potest,
1092 1009 1166 1055 nifi
1184 1008 1233 1056 sit
1249 1010 1456 1056 orationis
1473 1011 1670 1075 praesidiis
1686 1010 1904 1064 insti-ueta.

67 1108 72 1114 .
137 1090 224 1139 qua
241 1072 329 1119 aliis
348 1070 598 1136 persuadere
615 1072 771 1127 valeat,
789 1087 837 1118 ut
861 1072 885 1119 a
909 1073 1027 1119 malis
1044 1071 1279 1138 refugiant,
1297 1071 1505 1121 Γεὲὶεηιιιτ
1525 1075 1666 1129 bona,
1685 1073 1907 1138 civilisque

134 1141 230 1187 vitae
257 1138 470 1184 rationem
486 1150 690 1183 tueantur
708 1170 723 1192 ,
759 1135 807 1182 id
823 1151 988 1184 veteres
1005 1139 1093 1183 hoc
1112 1137 1323 1201 Symbolo
1341 1139 1568 1186 innuerunt
1590 1173 1603 1195 ,
1639 1140 1908 1187 Mercurium

136 1203 366 1256 videlicet,
385 1219 433 1248 ac
450 1205 696 1268 Minervam
721 1205 1047 1265 conjungentes.
1115 1203 1190 1249 De
1205 1204 1427 1249 Mercurio
1439 1218 1582 1250 autem
1594 1209 1681 1266 jam
1699 1202 1907 1258 diximus:

139 1265 265 1314 restat
279 1284 392 1313 nunc
410 1263 466 1311 de
481 1269 681 1313 Minerva
698 1263 894 1313 differere
909 1299 922 1316 ‚
958 1283 1087 1330 quam
1103 1263 1347 1314 Prudentiae
1357 1264 1503 1313 Deam
1518 1302 1533 1323 ,
1562 1285 1612 1316 ac
1628 1270 1822 1316 omnium
1840 1281 1912 1313 ar*-⁴

136 1333 245 1378 tium
270 1331 546 1379 inventricem
575 1329 904 1380 arbitrabantur,
971 1330 1221 1378 Amborum
1246 1347 1351 1395 ergo
1367 1333 1570 1380 Deorum
1595 1332 1751 1380 statuas
1769 1349 1909 1395 copu-

136 1396 296 1449 lantes,
312 1396 439 1441 unam
453 1393 753 1444 reddiderunt,
788 1411 920 1459 quam
937 1399 1068 1458 ἑξμοιθ
1078 1394 1178 1442 virm
1193 1396 1457 1459 appellarunt
1490 1415 1502 1451 ;
1536 1396 1640 1454 ἒεμης
1659 1413 1771 1443 enim
1787 1401 1910 1443 Mer-

141 1461 311 1508 curium
329 1461 454 1505 ozam
479 1491 492 1512 ,
511 1461 756 1504 Minervam
771 1457 892 1505 sonat
926 1477 937 1506 ε
974 1476 1067 1505 eam
1083 1461 1126 1505 in
1152 1458 1396 1507 Academiis
1414 1459 1689 1508 collocabant
1723 1480 1733 1507 :
1770 1477 1815 1507 ut
1831 1477 1910 1507 eos

138 1523 299 1572 scilicet
317 1522 741 1570 commonefacerent
765 1556 778 1576 ‚
805 1537 852 1569 ut
868 1524 942 1587 qui
957 1524 1017 1570 ibi
1033 1522 1072 1571 se
1088 1524 1343 1572 exercebant
1361 1559 1375 1579 ,
1414 1526 1700 1589 eloquentiam
1719 1524 1908 1590 pruden-

144 1591 211 1637 tiae
228 1591 542 1652 conjungerent
575 1606 587 1642 ;
621 1586 733 1633 hanc
749 1600 988 1650 reputante3
1005 1605 1082 1652 per
1097 1587 1136 1634 se
1154 1606 1304 1653 pamm
1320 1587 1437 1653 poss'e
1454 1589 1672 1654 prodesse,
1686 1592 1911 1638 illamvero

138 1651 284 1702 ¹obesse
307 1653 539 1717 plurimum
555 1670 583 1717 ,ς
620 1652 987 1714 quemadmodum
1005 1654 1129 1700 etiam
1148 1655 1308 1703 Cicero
1326 1655 1372 1699 in
1386 1657 1588 1719 proemio
1606 1655 1839 1709 librorum,
1854 1656 1906 1702 de

140 1719 391 1767 inventione
409 1716 600 1780 pluribus
619 1715 758 1762 verbis
788 1714 957 1766 diss'erit.
1024 1719 1095 1764 De
1120 1718 1416 1765 Hermathena
1439 1720 1553 1767 idem
1578 1722 1636 1766 ita
1661 1720 1737 1765 lib.
1758 1735 1820 1765 111.
1853 1720 1907 1765 ad

139 1785 335 1831 Atticum
352 1778 501 1827 scribit
535 1799 548 1835 3
587 1779 726 1845 Qod
752 1781 804 1826 ad
828 1797 898 1826 me
916 1782 967 1828 de
983 1782 1278 1829 Hermathena
1296 1781 1445 1838 scribis
1464 1815 1477 1835 ,
1507 1801 1585 1846 per
1609 1783 1714 1830 mihi
1739 1797 1906 1848 gratum

141 1847 202 1894 est
215 1881 226 1901 ,
245 1852 289 1895 δε
305 1860 614 1892 ornamentum
632 1842 878 1891 Academiae
894 1849 1120 1910 proprium
1137 1863 1242 1893 meae
1262 1880 1273 1897 ‚
1300 1847 1424 1910 quod
1441 1853 1485 1896 δε
1502 1851 1689 1894 Hermes
1707 1866 1903 1897 commu-
1925 1863 2102 1902 Minervae

142 1929 196 1958 ne
214 1914 410 1968 omnium
436 1944 450 1964 ‚
485 1914 526 1956 &
545 1910 742 1955 Minerva
759 1908 964 1973 singulare
982 1909 1040 1957 est
1058 1915 1147 1974 ejus
1164 1911 1402 1976 Gymnalii.
1492 1913 1531 1960 Si
1552 1914 1642 1974 quis
1660 1916 1905 1962 Minervam
1927 1916 2055 1967 effigies.

142 1978 242 2025 velit
261 1974 462 2039 effingere
472 2008 486 2030 ,
506 1989 579 2019 aut
595 1974 760 2029 Solam,
787 1989 856 2020 aut
873 1988 972 2019 cum
989 1977 1213 2022 Mercurio
1231 1978 1649 2039 conjuiista1n,‚eam
1667 1978 1783 2025 vultu
1799 1980 1907 2026 virili

148 2039 324 2105 effingat
348 2073 360 2090 ‚
397 2046 441 2087 &
467 2038 712 2086 truculento
741 2040 901 2101 glaucis
926 2037 1065 2085 oculis·
1087 2073 1102 2095 ,
1136 2055 1389 2104 perpetuum
1407 2042 1519 2087 enim
1536 2038 1624 2087 fere
1640 2040 1684 2087 id
1701 2046 1789 2104 ejus
1815 2043 1907 2098 est·;
1923 2080 1932 2087 .

142 2106 256 2172 apud
279 2106 540 2151 Hornevurn
572 2100 824 2166 Epithetum
849 2117 897 2149 ut
924 2102 1086 2149 dicatur
1102 2106 1322 2158 γλαυκῶπις
1357 2104 1443 2156 affl)
1462 2126 1479 2152 u
1496 2139 1511 2160 ‚
1544 2107 1764 2154 Pausanias
1781 2109 1908 2154 etiam
1935 2125 1939 2129 ·

144 2170 298 2219 Atticis
326 2168 423 2234 post
455 2165 710 2230 destriptum
755 2164 978 2229 quoddam
1004 2169 1210 2215 Minervae
1248 2169 1514 2217 simulacrum
1549 2203 1563 2223 ‚
1597 2171 1717 2234 quod
1771 2171 1907 2218 Athe-

145 2238 210 2283 nis
228 2237 270 2283 in
285 2232 474 2282 Vulcani
489 2232 653 2294 templo
672 2230 857 2278 exstabat
874 2232 975 2279 dicit
990 2266 1004 2288 ‚
1023 2234 1063 2278 in
1080 2232 1232 2280 fabulis
1247 2232 1367 2281 fuiss'e
1400 2254 1411 2282 ε
1446 2235 1645 2297 Neptuni
1662 2235 1802 2282 filium
1817 2239 1907 2282 Mi-

144 2316 285 2347 nervae
311 2297 483 2344 similem
494 2294 614 2342 fuisse
637 2328 652 2349 ,
688 2294 813 2358 quod
837 2296 972 2344 ambae
998 2297 1190 2343 ceruleos
1215 2299 1368 2345 oculos
1381 2299 1616 2346 haberent:
1652 2299 1906 2362 Cujusmodi

147 2364 276 2411 etiam
290 2377 407 2427 pater
423 2363 656 2422 Neptunus
673 2358 864 2408 haberet.
931 2359 1016 2408 Sed
1033 2363 1190 2409 Cicero
1217 2363 1260 2409 in
1284 2362 1400 2410 libris
1425 2362 1477 2409 de
1502 2377 1648 2409 natura
1672 2366 1870 2412 Deorum
1889 2397 1902 2417 ‚

149 2431 360 2477 Minervae
390 2426 543 2473 oculos
572 2422 715 2470 caefios
737 2457 751 2480 ‚
785 2427 980 2489 Neptuni
1004 2441 1147 2474 autem
1171 2427 1374 2474 caeruleos
1393 2425 1513 2474 fuisse
1539 2427 1680 2475 lctibit
1705 2465 1717 2484 ‚
1752 2432 1901 2493 inquo
1927 2429 2102 2489 tufinqrvae

153 2492 332 2557 quidem
350 2489 492 2553 aliqua
510 2485 766 2544 differentia,
786 2491 978 2552 quamvis
995 2507 1085 2540 non
1103 2489 1341 2539 admodum
1351 2510 1504 2557 magua
1514 2495 1704 2540 cernitur
1729 2514 1741 2550 ;
1771 2495 1905 2541 ambae
1925 2484 2046 2521 ‘³⁶⁸²‘

150 2559 267 2604 enim
283 2572 410 2603 voces
428 2553 540 2618 apud
556 2553 715 2602 latinos
733 2553 913 2603 viridem
933 2556 1128 2603 colorem
1145 2556 1401 2622 significant,
1421 2559 1492 2620 qui
1510 2556 1563 2603 ad
1575 2556 1805 2605 claritatem
1815 2573 1908 2605 ten-

141 2623 224 2681 dat
247 2654 260 2676 ,
297 2621 430 2685 qualis
456 2622 500 2667 in
526 2618 607 2664 cati
623 2633 693 2664 aut
709 2620 883 2666 noctuae
901 2620 1037 2668 oculis
1055 2620 1391 2685 deprehenditur
1406 2621 1460 2677 311
1478 2636 1621 2668 tamen
1640 2624 1732 2686 quis
1751 2624 1850 2672 velit
1865 2626 1909 2671 in

154 2687 361 2736 Minerva:
379 2684 512 2733 oculis
535 2679 806 2748 splendorem
825 2685 1052 2750 quemdam
1067 2688 1202 2750 magis
1232 2688 1414 2750 ignitmn
1429 2684 1555 2735 iness'e
1567 2719 1580 2741 ,
1599 2684 1834 2750 cujusmodi
1851 2689 1911 2736 est

1173 2753 1214 2801 U
1756 2756 1801 2801 in
1816 2755 1909 2803 leo-

76 1575 117 1609 Λ
