2279 2938
548 63 1074 167 QoLEBfiNTuit
1113 92 1496 150 mambres.
1654 139 1659 152 ,
1839 119 1914 170 ιτς

138 170 364 228 Pausanias
387 169 547 231 refert,
563 173 690 240 quod
700 173 876 241 quidem
891 175 994 224 nihil
1007 193 1106 227 cum
1123 180 1212 241 ejus
1229 178 1453 230 simulacro
1464 182 1673 242 consentit
1685 220 1700 245 ,
1713 187 1755 236 id
1764 186 1912 238 foemi..

138 256 268 290 neam
276 238 463 289 formam
478 239 874 292 referebat‚summa
883 239 1076 290 foemora
1090 276 1102 294 ,
1122 257 1275 290 caetera
1290 244 1414 309 piscis
1434 249 1617 314 figuram
1626 286 1641 308 ,
1653 268 1744 301 erat
1766 270 1910 305 autem

137 307 278 353 aureis
294 307 454 353 catenis
471 307 722 356 revinctum.
740 305 794 353 Id
802 323 963 355 numen
974 307 996 368 ὲ
1010 305 1431 377 Phigalenfibus,qui
1441 330 1560 362 crant
1576 318 1622 362 in
1634 318 1818 366 Arcadia
1828 335 1908 368 co·-

5 373 7 375 ’
71 403 76 408 -
140 368 566 438 lebaRQtur‚templum
585 370 794 432 ejusstato
805 375 1037 435 quotannis
1048 371 1117 420 die
1134 374 1380 437 aperiebant
1395 409 1409 431 ‚
1427 375 1539 424 sacra
1564 399 1618 426 eo
1637 381 1705 429 die
1734 384 1928 447 publice·

143 441 189 484 &
206 434 586 501 privatimssfiebann
620 437 842 483 Huicnon
852 435 1092 484 admodum
1103 437 1309 485 dissimilis
1326 441 1517 504 quaedam
1542 445 1638 491 Dea
1653 462 1741 494 erar.
1764 483 1778 503 ,
1813 467 1908 512 quae

142 502 343 549 Derceto
361 518 384 548 a
416 498 758 565 pellabatur‚haec
773 502 917 564 capite
926 516 1134 567 excepto,
1167 503 1512 566 quodmuliebre
1530 523 1640 564 erat,
1660 509 1777 575 piscis
1787 515 1910 563 vide-
1929 516 2089 557 Ὀνίαν,
2139 550 2142 552 .

144 566 287 615 batur.
306 567 376 612 De
404 583 465 620 ,ac
482 562 712 612 Diodorus
724 566 888 612 Siculus
905 566 976 614 lib.
995 585 1063 615 111.
1089 565 1252 624 scribit,
1271 587 1364 616 eam
1383 572 1636 636 Nympbam
1667 573 1785 624 fuisse
1804 610 1817 630 ‚
1837 577 1910 626 sed

198 628 361 678 avidam
376 627 524 694 postea
535 627 734 675 effefimn)
749 663 762 680 ‚
789 647 812 676 a
823 645 915 692 quo
931 646 1073 678 autem
1093 635 1336 698 ignoratum
1355 669 1367 686 ‚
1379 639 1700 685 Semiramidem
1728 642 1911 706 peperis-

142 646 195 743 Ξ
200 712 214 750 3
245 691 318 740 std
332 691 394 740 sui
410 693 570 740 erroris
589 691 759 756 pudore
776 693 977 743 affectam
996 694 1066 748 {se
1078 699 1123 744 in
1140 699 1370 761 quemdam
1387 704 1513 764 Syriae
1543 703 1682 750 lacum
1701 704 1910 768 abjecisse,

143 771 274 820 atque
298 758 399 804 inde
408 757 463 803 ab
476 756 557 804 illis
567 756 741 823 populis
758 761 947 808 numinis
973 760 1076 809 loco
1095 762 1283 810 habitam
1299 797 1314 818 ,
1339 783 1386 812 ac
1398 768 1442 811 in
1455 764 1608 829 piscem
1627 766 1667 816 se
1678 769 1911 818 convertis-

141 821 185 869 se
202 820 408 869 creditam
426 842 439 868 .·
471 821 666 886 ideoque
676 820 841 871 factum
858 823 940 873 effe
954 859 968 877 ‚
985 841 1034 874 ut
1058 827 1081 874 ὲ
1097 825 1271 892 piscium
1284 827 1351 876 esu
1373 830 1630 879 abstinerent
1648 867 1663 889 ‚
1689 835 1765 897 qui
1781 838 1830 882 in
1855 854 1911 883 eo

141 885 240 935 lacu
256 883 387 935 e'ffent
397 920 413 942 ,
426 903 538 952 quos
555 896 711 936 omnes
721 888 780 936 illi
796 892 907 938 Deae
926 887 1068 939 sacros
1090 893 1414 943 arbitrarentur.
1450 895 1532 943 Sed
1548 895 1606 943 ad
1615 899 1785 946 Oceani
1800 904 1914 947 Ima-

143 955 291 1018 ginem
307 966 572 1000 revertamur
596 972 608 1001 :
644 956 734 1017 ejus
753 970 902 1002 currus
918 972 1019 1002 eum
1029 954 1189 1005 terrani
1214 958 1380 1006 ambire
1404 958 1643 1025 fignificatz
1677 965 1807 1011 Rota:
1823 980 1914 1012 ter-

142 1016 508 1066 raeorbicularem
532 1017 715 1084 figuram
731 1017 964 1068 ostendunt
983 1041 993 1068 ε
1019 1021 1194 1087 Βαῐῳυεε
1214 1040 1387 1071 currum
1411 1024 1585 1073 trahunt
1600 1038 1629 1082 ,⁹
1648 1031 1769 1090 quod
1795 1045 1912 1076 mare

142 1081 383 1132 tmiversam
407 1097 564 1130 terram
583 1099 823 1146 percurrat,
857 1086 959 1132 acin
975 1102 1068 1132 eam
1091 1085 1131 1132 (e
1156 1086 1368 1135 insinuans
1383 1123 1397 1143 ‚
1424 1107 1623 1154 magnam
1634 1097 1723 1153 ejus
1742 1109 1910 1157 partem

141 1145 285 1196 alluat.
349 1147 566 1213 Nymphae
590 1165 796 1214 aquarum
813 1151 1117 1213 proprietatem
1147 1150 1368 1215 designant
1385 1187 1397 1207 ,
1425 1172 1527 1217 quas
1548 1171 1710 1203 veteres
1734 1174 1823 1203 non
1842 1160 1910 1205 so-

141 1212 234 1261 lum
249 1211 324 1260 sub
344 1215 515 1262 Oceani
537 1248 551 1268 ,
583 1215 812 1278 Neptuni,
837 1213 1038 1261 Thetidis
1049 1248 1067 1281 ,ἱ
1083 1216 1268 1263 Doridis
1285 1251 1299 1272 ,
1326 1219 1628 1282 Amphitrices
1650 1231 1778 1286 atque
1802 1224 1910 1269 alio-

143 1295 242 1326 rum
256 1280 523 1328 marinorum
542 1280 747 1325 Deorum
771 1278 1026 1325 nominibus
1044 1299 1058 1336 3
1075 1277 1146 1330 sed
1178 1284 1308 1327 etiam
1320 1278 1395 1328 sub
1426 1283 1613 1331 Acheloi
1637 1287 1810 1333 nomine
1835 1288 1920 1333 ad-'

142 1343 415 1392 umbrarum.
479 1344 605 1390 Licet·
631 1343 830 1389 nonnulli
855 1343 1077 1406 prioribus
1107 1345 1187 1391 illis
1214 1344 1418 1392 Salsarum
1445 1353 1667 1413 Aquarum
1693 1365 1908 1406 naturam,

144 1411 236 1460 hoc
259 1425 366 1457 vero
381 1405 622 1473 posteriore
642 1405 834 1455 dulcium
856 1410 1009 1464 innui,
1041 1406 1281 1472 cujusmodi
1299 1410 1394 1458 sunt
1417 1411 1648 1461 fluviorum
1672 1432 1810 1478 aqum,
1831 1419 1906 1480 qui

144 1480 280 1524 etiam
295 1473 350 1521 ab
367 1473 552 1536 antiquis
568 1489 650 1535 pro
667 1472 918 1520 numinibus
933 1470 1025 1519 sunt
1043 1473 1197 1528 habiti,
1225 1476 1270 1523 &
1286 1475 1469 1523 humana
1485 1478 1623 1542 figura
1638 1478 1781 1527 efficti.
1827 1478 1909 1529 Sed

84 1550 102 1581 ῖ
143 1554 379 1604 antequam
397 1534 454 1582 ad
464 1553 618 1584 eorum
636 1536 856 1583 simulacra
866 1540 1037 1585 veniam
1047 1572 1062 1594 ‚
1082 1555 1239 1587 ventos
1252 1539 1506 1597 describam,
1525 1560 1623 1590 nam
1635 1562 1732 1591 cum
1744 1545 1794 1592 de
1806 1550 1910 1592 mari

141 1605 327 1652 dixerim
352 1635 366 1654 ‚
398 1602 479 1648 ubi
503 1600 565 1648 illi
582 1603 766 1649 maxime
787 1605 893 1650 vires
929 1603 1018 1650 suas
1051 1601 1269 1661 exserant,
1293 1622 1385 1653 non
1410 1607 1485 1654 abs
1505 1624 1550 1652 re
1584 1609 1690 1655 mihi
1721 1608 1912 1660 facitur-us

143 1669 326 1725 videon,
344 1668 375 1715 si
390 1665 533 1715 statim
547 1681 784 1715 ventorum
799 1668 1103 1715 tractationem
1123 1666 1358 1733 subjecero.
1399 1676 1681 1736 Qamquam
1699 1692 1804 1724 vero
1820 1693 1914 1723 non

145 1732 325 1783 absurde
340 1734 621 1796 cumJunone
636 1729 948 1795 conjunxissent
967 1749 1040 1781 :ea
1056 1735 1170 1782 enim
1179 1753 1320 1783 aerem
1331 1735 1537 1800 significat
1554 1759 1567 1795 ;
1586 1753 1738 1786 ventus
1756 1755 1912 1795 autem,

143 1798 378 1849 secundum
394 1796 676 1860 Phyficorum
704 1797 958 1845 sententiam
989 1799 1049 1848 est
1079 1816 1150 1847 aer
1185 1803 1428 1849 concitatus
1455 1821 1465 1847 ι
1495 1807 1648 1868 Itaque
1679 1804 1826 1852 AEolus
1852 1809 1912 1855 ita

141 1866 312 1933 Junoni
337 1860 451 1928 apud
465 1862 698 1925 Virgilium
714 1862 786 1910 lib.
808 1881 840 1911 1.
858 1864 1015 1911 AEneid.
1033 1864 1262 1928 respondet
1270 1886 1284 1923 ;

283 1932 351 1975 Tu
366 1927 475 1975 mihi
481 1927 752 1991 quodcunque
760 1927 835 1974 hoc
849 1935 986 1996 regni,
1002 1944 1050 1975 tu
1058 1934 1224 1997 Sceptra
1233 1965 1248 1987 ,
1263 1931 1490 1999 {lovemque

283 1996 496 2041 Conciliat-r,-
512 2007 561 2038 tu
569 1992 642 2038 das
649 1994 774 2058 epulis
780 1993 1012 2040 recumbere
1018 1999 1205 2052 Divum,

279 2056 725 2121 Nimborumquefaafs
731 2089 745 2108 ‚
755 2057 1113 2124 tempestatumque
1114 2075 1332 2127 potentem.

209 2124 320 2174 Non
336 2139 485 2172 tamen
494 2121 568 2169 hic
582 2121 705 2169 locus
716 2122 884 2171 videtur
898 2122 923 2171 ἃ
931 2127 1069 2172 ventis
1079 2126 1236 2172 alienus
1251 2142 1262 2169 ε
1274 2140 1437 2173 veteres
1448 2139 1495 2172 ut
1506 2123 1747 2182 Deos,sunt
1758 2133 1913 2176 ventos

147 2191 339 2240 venerati
363 2209 374 2236 :
401 2185 867 2251 eisquesacrificabant,
884 2188 953 2236 vel
1004 2189 1092 2235 uod
1102 2190 1159 2236 eis
1171 2190 1366 2253 propitiis
1386 2189 1443 2236 ufi
1455 2190 1586 2236 essent
1603 2224 1615 2245 ‚
1628 2194 1693 2238 vel
1710 2208 1756 2238 ut
1771 2194 1816 2238 in
1832 2212 1915 2258 po-

1937 1566 2044 1604 Venti.

1939 2145 2118 2178 remorto»

1938 2195 2061 2233 Cultus
2072 2194 2127 2233 de·-

148 2258 309 2308 sterum
326 2269 556 2302 uterentur.
590 2253 683 2300 Eos
693 2269 792 2300 curn
810 2251 897 2300 aliis
928 2271 952 2301 e
1002 2269 1189 2300 nxerunt
1203 2288 1218 2310 ‚
1237 2252 1568 2302 tumescentibus
1595 2255 1743 2304 buccis
1759 2291 1773 2311 ,
1793 2258 1917 2305 infla·
1936 2252 2055 2288 ΨΜ·

150 2326 206 2372 tis
231 2337 279 2368 ac
297 2316 554 2385 spirantibus
574 2336 585 2364 τ
619 2318 703 2364 Sed
725 2317 796 2364 alii
811 2318 915 2365 alios
934 2316 1010 2366 suo
1039 2317 1144 2365 flatu
1168 2317 1346 2367 effeflms
1365 2319 1613 2384 producunt
1627 2346 1638 2372 ς
1659 2337 1760 2368 nam
1785 2324 1913 2387 aliqui

154 2387 296 2435 nubes
310 2397 475 2450 cogunt
496 2413 510 2433 2
542 2387 587 2430 8(
603 2380 770 2447 pluvias
786 2398 934 2431 creant
951 2397 963 2425 ⁵
989 2383 1089 2430 aliie
1107 2400 1263 2431 contra
1272 2385 1409 2433 nubes
1421 2383 1672 2450 dispellunts
1700 2389 1769 2433 aiii
1795 2389 1915 2435 aliter

151 2450 245 2501 {has
253 2450 362 2499 vires
371 2444 613 2496 ostendunt,
646 2447 1009 2510 Itaquediversea
1024 2450 1168 2498 Poetis
1179 2448 1379 2513 descripti
1395 2449 1541 2498 fuere:
1567 2454 1642 2514 qui
1659 2469 1923 2516 quamquam

151 2516 279 2565 multi
296 2510 566 2568 sunt‚tamen
575 2512 775 2577 praecipui
784 2527 971 2579 quatuor
980 2515 1302 2580 quiaprimariis
1316 2531 1503 2579 quatuor
1517 2515 1666 2563 mundi
1677 2517 1922 2566 cardinibus

155 2581 286 2635 flant,
299 2581 513 2626 numerari
542 2574 678 2625 solent
693 2609 709 2633 ‚
726 2592 773 2625 ut
799 2578 854 2626 ab
873 2579 1042 2629 Ovidio
1054 2597 1153 2627 cum
1172 2579 1245 2628 lib.
1264 2599 1296 2630 1.
1316 2580 1659 2645 Metamorphos.
1686 2581 1922 2630 universum

153 2646 199 2694 in
214 2642 302 2692 suas
319 2654 458 2708 partes
482 2640 706 2690 distribuit.
771 2645 958 2692 Fuerunt
968 2645 1094 2710 aliqui
1103 2660 1176 2702 ‚ut
1191 2643 1325 2693 refert
1337 2646 1493 2693 Strabo
1511 2678 1524 2700 ,
1542 2647 1617 2708 qui
1635 2647 1744 2693 duos
1755 2660 1923 2700 tantuin

147 2704 563 2777 ‚ventossposuerunt
588 2726 602 2766 ς
633 2704 708 2755 sed
730 2725 780 2758 ex
800 2724 990 2775 quatuor
1012 2727 1120 2760 unus
1140 2708 1200 2758 est
1218 2713 1380 2775 Aquilo
1397 2744 1412 2766 ‚
1429 2711 1505 2778 qui
1519 2717 1563 2761 δι
1582 2713 1743 2760 Boreas
1764 2709 1923 2760 dicitur

1128 2778 1163 2825 P
1196 2791 1220 2822 2
1696 2776 1732 2824 a
1744 2780 1929 2842 Septen.
