2279 2938
108 1954 247 2007 Consus.

374 105 443 175 {12
772 113 1109 165 DEoRuM
1163 112 1301 179 Qu
1339 109 1427 160 ΑΒ
1488 111 1768 193 ANer

507 212 625 255 Stare
638 199 780 252 Deum
792 203 928 269 pelagi
940 201 1128 266 longoque
1132 200 1266 260 ferire
1280 198 1462 245 tridente*

503 275 660 335 Aspera
675 271 791 314 Saxa
794 266 908 329 facit
918 299 931 321 ,
958 263 1166 328 inediaque
1191 261 1212 309 ὲ
1228 263 1499 323 vulnerefhxi

503 333 1002 396 Exhibuiffefretum,qu0
1012 335 1178 398 pagnore
1193 328 1375 375 vmds'cet
1381 326 1544 375 urbem.

431 399 637 466 Virgilius
656 399 702 446 in
717 398 860 463 primo
871 397 1045 459 Georg.
1065 411 1224 459 equum
1239 391 1343 441 dicit
1356 388 1498 451 exiisse
1514 410 1528 449 ;

507 469 652 530 Tuque
677 483 697 509 o
716 469 786 510 cus'
795 468 936 530 prima
935 462 1184 521 frementem

501 532 627 578 Fudit
636 547 787 594 equum
801 562 814 580 ‚
832 544 976 594 magno
989 522 1285 592 telluspercuſjh
1294 522 1482 579 tridente,

498 599 567 643 Ne
594 611 704 641 tune.
1944 634 1948 636 ,

438 665 547 726 Qo
591 654 871 707 Serviusideo
892 653 1043 701 Reium
1068 651 1148 700 esse
1166 653 1255 700 vult
1272 686 1287 708 ‚
1303 666 1354 699 ut
1370 652 1500 699 velox
1515 647 1809 715 frequensque
1831 652 1959 698 maris
1987 662 2137 696 motus

373 725 666 773 ostenderetur
683 757 697 778 ,
733 738 863 784 quare
876 719 989 783 Equi
1005 716 1080 764 sub
1098 717 1288 765 Castoris
1306 722 1350 765 δι
1368 715 1553 764 Pollucis
1567 715 1789 764 tutelaess'e
1813 717 1920 764 dieti
1936 714 2137 769 sunt‚co÷

373 808 464 837 ram
482 793 600 836 enim
612 787 716 835 astra
742 780 1003 833 velocissime
1021 797 1266 830 moventur.
1333 781 1532 845 Qidam
1555 780 1657 828 ideo
1675 783 1888 847 Neptuno
1907 783 2139 846 Equorum

370 856 664 903 inventionem
681 852 887 898 tributam
903 847 1072 902 dicunt,
1097 846 1220 912 quod
1232 845 1470 909 Equilatos
1490 862 1692 910 campos,
1709 843 2139 912 aequosquedefide-

369 935 463 966 rant
479 953 492 973 ,
520 919 595 982 qui
613 917 666 964 ab
683 932 858 980 aequore
883 913 1048 978 optime
1066 908 1424 975 repraesentantur.
1469 911 1592 959 Idem
1611 914 1779 963 Servius
1788 907 2139 978 principiumlib.

369 989 440 1034 IX.
461 982 672 1031 AEneidos
683 996 884 1027 enarrans
897 1012 910 1034 ‚
928 976 1004 1024 ubi
1014 980 1148 1024 Poeta
1159 975 1213 1023 sic
1222 973 1335 1021 dicit
1344 994 1358 1031 ;

474 1049 525 1094 Vt
538 1047 805 1114 bellifignum
822 1046 1029 1091 Laurenti
1052 1039 1385 1093 Turnusabarce

474 1113 644 1160 Extulit
665 1131 682 1156 .-
2000 1149 2003 1152 Δ
2065 1149 2069 1151 ,

359 1174 518 1231 Refert
528 1178 764 1224 Romanos
780 1173 884 1235 belli
901 1188 1099 1241 tempore
1126 1172 1316 1237 duplicia
1351 1170 1472 1236 figna
1506 1169 1694 1219 extulisse
1712 1205 1726 1227 ,
1745 1171 1940 1220 alterum
1977 1167 2140 1233 scilicet

396 1259 629 1307 urpureum
644 1240 727 1307 pro
755 1238 1027 1306 pedestribus
1054 1239 1191 1303 copiis
1207 1271 1220 1291 ‚
1241 1237 1422 1284 alterum
1449 1254 1553 1283 vero
1573 1235 1801 1283 caeruleum
1831 1254 1914 1302 pro
1933 1233 2139 1300 equestri-

359 1260 443 1356 ἕως
455 1327 467 1363 3
480 1306 554 1353 -hic
565 1309 680 1355 enim
695 1305 754 1354 est
762 1305 887 1353 maris
898 1305 1111 1366 color,cuj
1117 1320 1164 1350 us
1177 1303 1301 1349 'Deus
1320 1300 1551 1366 putabatur
1563 1304 1793 1366 Neptunus
1803 1336 1817 1356 ,
1827 1304 1909 1366 qui
1926 1306 1970 1350 δε
1996 1314 2138 1363 equos

365 1370 569 1421 invenisse
587 1369 734 1419 fertur.
781 1369 1016 1419 Diodorus
1038 1367 1201 1416 Siculus
1232 1364 1374 1413 scribit
1391 1400 1403 1416 ‚
1431 1367 1687 1432 Neptunum
1727 1369 1918 1431 primum
1939 1367 2139 1412 omnium

360 1438 518 1502 Equos
541 1433 755 1484 domuisse
771 1470 785 1490 ‚
803 1452 1026 1502 artemque
1043 1432 1264 1497 equitandi
1291 1428 1478 1478 docuisse
1505 1465 1520 1486 ,
1554 1431 1744 1495 hincque
1761 1431 1928 1479 faEtum
1946 1427 2028 1476 effe
2041 1462 2057 1485 ,
2088 1442 2139 1476 ut

325 1537 339 1541 κ
367 1500 574 1567 equestris
594 1501 877 1566 appellaretur
896 1520 907 1548 ε
941 1501 1026 1551 Cui
1036 1496 1256 1546 Pausanias
1272 1499 1402 1544 etiam
1412 1493 1641 1552 consentit3
1661 1497 1734 1561 qui
1753 1495 1845 1555 vult
1855 1495 1957 1543 ideo
1967 1497 2141 1541 Home-

367 1582 609 1621 rum‚‚cum
619 1566 744 1613 ludos
755 1565 968 1630 equestres
988 1561 1243 1611 describeret
1258 1595 1272 1613 ‚
1296 1560 1551 1610 Menelaum
1566 1559 1772 1609 induxisse
1789 1595 1803 1617 ‚
1815 1562 1894 1626 qui
1910 1561 2138 1607 certatori-

367 1629 461 1677 bus?
467 1634 755 1694 juramentum
766 1663 778 1680 ‚
789 1648 864 1695 per
880 1631 1078 1695 Neptuni
1097 1644 1261 1674 numen
1278 1624 1584 1692 proposuisset,
1603 1624 1644 1672 se
1665 1626 1825 1674 nullam
1850 1624 2046 1673 fraudem
2061 1622 2138 1670 ad.

358 1694 600 1744 bibituros.
610 1694 818 1760 Idemque
826 1691 996 1758 subjicit
1013 1727 1027 1749 ‚
1044 1693 1132 1740 hoc
1144 1692 1339 1757 Neptuni
1355 1708 1604 1756 cognomen
1623 1694 1781 1740 caeteris
1799 1689 1991 1756 praestare
2005 1722 2020 1744 ‚
2037 1704 2139 1737 cum

363 1760 535 1808 cunetis
546 1760 798 1807 nationibus
810 1758 859 1806 fit
875 1775 1121 1807 commune.
1140 1757 1258 1804 Hinc
1275 1756 1467 1803 arbitror
1474 1754 1724 1819 proiectum
1741 1756 1861 1804 fuisse
1875 1766 1920 1803 ut
1935 1754 2025 1801 ludi
2035 1755 2173 1804 Cir-0

366 1821 511 1871 censes
522 1826 634 1889 apud
644 1827 880 1872 Romanos
905 1825 1119 1887 quierant
1133 1821 1390 1887 Equestres,
1411 1822 1625 1886 Neptuno
1646 1822 1776 1869 essent
1786 1821 1917 1870 sacri:
1942 1817 2138 1881 celebra-

368 1889 533 1936 bantur
542 1904 685 1937 autem
700 1891 747 1936 in
758 1886 1166 1952 ConsualibuS‚quae
1183 1902 1302 1935 erant
1321 1886 1344 1934 a
1362 1885 1562 1934 Romulo
1580 1884 1797 1943 instituta,
1820 1889 1869 1934 in
1877 1889 2139 1934 memoriam

365 1968 419 2000 ut
426 1955 570 2017 inquit
585 1951 730 2001 Livius
747 1987 761 2009 ,
779 1969 922 2019 raptus
933 1953 1210 2004 Sabinaruim
1230 1952 1330 1999 nam
1341 1951 1714 2016 quemadmodum
1728 1952 1977 2007 Plutarchus
1987 1949 2137 2007 refert,

364 2016 585 2080 cujusdam
614 2019 702 2065 Dei
727 2034 845 2064 aram
876 2018 1097 2065 conditam
1116 2017 1192 2064 sub
1223 2031 1379 2063 terram
1395 2017 1443 2062 in
1463 2017 1598 2063 Circo
1616 2010 1843 2066 invenerat
1866 2041 1877 2068 ς
1901 2017 2138 2080 eidemque

368 2083 474 2129 Deo
491 2082 646 2130 indidit
655 2099 818 2130 nomen
833 2080 1089 2132 Cons0.five
1099 2081 1123 2128 ὲ
1138 2080 1318 2128 consilio
1339 2080 1460 2145 quod
1470 2080 1727 2128 consiliarius
1742 2080 1885 2132 forem
1899 2098 1993 2133 aut,
2012 2078 2138 2192 <guod

368 2163 622 2212 magnarum
638 2164 778 2195 rerum
795 2146 1149 2195 confiliaocculta
1159 2143 1240 2192 effe
1258 2159 1482 2209 oporteret
1501 2164 1512 2190 ε
1539 2162 1669 2210 quare
1694 2147 1746 2192 ad
1757 2151 1845 2211 ejus
1863 2165 1978 2195 aram
1996 2163 2019 2192 a
2050 2146 2136 2195 itus
2198 2194 2208 2200 ,
2252 2142 2279 2199 f

368 2228 606 2276 numquam
622 2212 1154 2277 patefiebat,praeterquam
1169 2207 1400 2257 Ludorum
1411 2209 1678 2270 Circensium
1688 2213 1871 2262 Diebust
1907 2209 2052 2279 Qod
2071 2208 2137 2256 ef..

368 2272 473 2322 fecit
488 2289 535 2322 ut
543 2278 776 2340 Neptunus
786 2275 909 2334 ,idem
926 2293 974 2323 ac
992 2272 1427 2324 Consus'crederetur
1438 2293 1452 2331 3
1463 2273 1518 2322 de
1535 2291 1626 2341 quo
1646 2276 1734 2324 haec
1751 2276 1930 2327 strictim
1957 2277 2138 2345 attigiffe

370 2338 421 2388 fit
430 2338 548 2390 satis;
567 2357 664 2387 nam
673 2339 830 2387 nullam
843 2340 981 2388 adhuc
992 2345 1082 2403 ejus
1091 2341 1326 2405 imaginem
1343 2338 1456 2404 apud
1465 2336 1692 2405 scriptores
1707 2344 1860 2407 reperi.
1917 2347 2048 2405 Qlod
2058 2362 2135 2394 au.

375 2418 464 2451 tem
484 2405 600 2468 Equi
627 2403 701 2452 sub
719 2406 916 2469 Neptuni
933 2405 1066 2452 tutela
1089 2404 1223 2454 effent
1249 2439 1265 2461 ,
1316 2401 1534 2452 Pausanias
1564 2405 1607 2451 in
1634 2405 1790 2454 Eliacis
1814 2406 2134 2474 posterioribus
2162 2427 2169 2430 ·

376 2468 595 2526 ostendit,
613 2480 715 2517 cum
731 2472 914 2521 circum,
939 2469 1015 2515 ubi
1039 2472 1078 2523 E
1111 2472 1154 2517 ui
1172 2468 1402 2518 currebant
1418 2504 1433 2525 ,
1451 2468 1652 2517 describit
1676 2470 1820 2521 dicens
1844 2506 1858 2528 ,
1877 2473 1931 2521 ad
1953 2476 2134 2524 alterum

373 2535 578 2583 curriculi
620 2537 728 2582 latus
760 2550 878 2597 aram
921 2530 1047 2580 fuiffe
1079 2489 1227 2598 iigurae
1265 2533 1467 2581 rotundae
1491 2569 1506 2591 ,
1544 2532 1605 2580 ad
1632 2551 1816 2600 eamque
1853 2538 2007 2586 Deum
2051 2556 2132 2588 co-

372 2598 434 2655 li,
471 2601 770 2665 Taraxippum
796 2632 812 2654 ‚
845 2599 901 2647 ab
935 2599 1188 2646 incutiendo
1221 2599 1356 2663 Equis
1382 2614 1545 2662 pavore
1566 2632 1579 2650 ‚
1615 2616 1921 2668 nuncupatum.
1966 2606 2131 2657 Solitos

373 2666 487 2710 enim
517 2663 598 2712 effe
631 2666 795 2728 injecto
840 2678 1006 2712 terrore
1032 2697 1049 2718 ,
1091 2665 1201 2711 circa
1238 2679 1353 2709 aram
1393 2661 1515 2721 banc⁴
1539 2664 1693 2729 Equos
1726 2682 1814 2714 tam
1851 2666 2130 2720 vehementer

305 2758 320 2762 -
372 2727 637 2779 consternari
661 2762 674 2782 ,
692 2744 739 2778 ut
760 2730 974 2779 incertum
991 2725 1111 2777 unde
1143 2743 1297 2778 coorta
1311 2726 1601 2799 trepidatione
1615 2764 1627 2788 ,
1663 2728 1766 2799 iae'pe
1794 2731 1905 2782 illisis
1929 2737 2132 2788 curribus

1964 2797 2130 2870 afflige·‘
2153 2835 2171 2838 -r
