<?xml version="1.0" encoding="UTF-8"?>
<!DOCTYPE html PUBLIC "-//W3C//DTD XHTML 1.0 Transitional//EN"
    "http://www.w3.org/TR/xhtml1/DTD/xhtml1-transitional.dtd">
<html xmlns="http://www.w3.org/1999/xhtml" xml:lang="en" lang="en">
 <head>
  <title>
</title>
<meta http-equiv="Content-Type" content="text/html;charset=utf-8" />
  <meta name='ocr-system' content='tesseract 3.04.00' />
  <meta name='ocr-capabilities' content='ocr_page ocr_carea ocr_par ocr_line ocrx_word'/>
</head>
<body>
  <div class='ocr_page' id='page_1' title='image "./vincentiichartar00cart_0132.png"; bbox 0 0 2279 2938; ppageno 0'>
   <div class='ocr_carea' id='block_1_1' title="bbox 377 12 1760 123">
    <p class='ocr_par' dir='ltr' id='par_1_1' title="bbox 377 12 1760 123">
     <span class='ocr_line' id='line_1_1' title="bbox 377 12 1760 123; baseline -0.006 -9"><span class='ocrx_word' id='word_1_1' title='bbox 377 61 461 119; x_wconf 69' lang='lat' dir='ltr'>as</span> <span class='ocrx_word' id='word_1_2' title='bbox 715 12 1096 109; x_wconf 68' lang='lat' dir='ltr'>nEortuM</span> <span class='ocrx_word' id='word_1_3' title='bbox 1127 32 1433 123; x_wconf 70' lang='lat' dir='ltr'>‚Qu-AB</span> <span class='ocrx_word' id='word_1_4' title='bbox 1488 22 1760 122; x_wconf 70' lang='lat' dir='ltr'>ANTrQ</span> 
     </span>
    </p>
   </div>
   <div class='ocr_carea' id='block_1_2' title="bbox 124 134 2233 2739">
    <p class='ocr_par' dir='ltr' id='par_1_2' title="bbox 378 134 2153 213">
     <span class='ocr_line' id='line_1_2' title="bbox 378 134 2153 213; baseline -0.002 -20"><span class='ocrx_word' id='word_1_5' title='bbox 378 144 525 213; x_wconf 87' lang='lat' dir='ltr'>rasque</span> <span class='ocrx_word' id='word_1_6' title='bbox 542 143 713 194; x_wconf 87' lang='lat' dir='ltr'>turbare</span> <span class='ocrx_word' id='word_1_7' title='bbox 732 141 817 191; x_wconf 76' lang='lat' dir='ltr'>ausi</span> <span class='ocrx_word' id='word_1_8' title='bbox 842 139 1027 191; x_wconf 73' lang='lat' dir='ltr'>fuissent.</span> <span class='ocrx_word' id='word_1_9' title='bbox 1064 140 1236 207; x_wconf 83' lang='lat' dir='ltr'>Jupiter</span> <span class='ocrx_word' id='word_1_10' title='bbox 1253 156 1588 205; x_wconf 82' lang='lat' dir='ltr'>nonnumquam</span> <span class='ocrx_word' id='word_1_11' title='bbox 1608 134 1937 189; x_wconf 49' lang='lat' dir='ltr'>inferorumfres</span> <span class='ocrx_word' id='word_1_12' title='bbox 1963 139 2153 199; x_wconf 81' lang='lat' dir='ltr'>admini-</span> 
     </span>
    </p>

    <p class='ocr_par' dir='ltr' id='par_1_3' title="bbox 374 202 2153 272">
     <span class='ocr_line' id='line_1_3' title="bbox 374 202 2153 272; baseline -0.003 -13"><span class='ocrx_word' id='word_1_13' title='bbox 374 210 481 260; x_wconf 84' lang='lat' dir='ltr'>strat</span> <span class='ocrx_word' id='word_1_14' title='bbox 511 232 522 259; x_wconf 70' lang='grc' dir='ltr'><strong><em>ε</em></strong></span> <span class='ocrx_word' id='word_1_15' title='bbox 546 226 627 256; x_wconf 84' lang='lat' dir='ltr'>nec</span> <span class='ocrx_word' id='word_1_16' title='bbox 646 212 789 256; x_wconf 89' lang='lat' dir='ltr'>non&amp;</span> <span class='ocrx_word' id='word_1_17' title='bbox 808 207 933 255; x_wconf 88' lang='lat' dir='ltr'>Pluto</span> <span class='ocrx_word' id='word_1_18' title='bbox 943 208 991 254; x_wconf 87' lang='lat' dir='ltr'>in</span> <span class='ocrx_word' id='word_1_19' title='bbox 1007 207 1164 254; x_wconf 84' lang='lat' dir='ltr'>coelum</span> <span class='ocrx_word' id='word_1_20' title='bbox 1176 204 1295 253; x_wconf 86' lang='lat' dir='ltr'>suum</span> <span class='ocrx_word' id='word_1_21' title='bbox 1311 209 1382 268; x_wconf 86' lang='lat' dir='ltr'>jus</span> <span class='ocrx_word' id='word_1_22' title='bbox 1400 205 1610 254; x_wconf 84' lang='lat' dir='ltr'>extendit.</span> <span class='ocrx_word' id='word_1_23' title='bbox 1653 209 1803 272; x_wconf 74' lang='lat' dir='ltr'>Ita&#39;que</span> <span class='ocrx_word' id='word_1_24' title='bbox 1815 209 1977 272; x_wconf 83' lang='lat' dir='ltr'>Jo&#39;vem</span> <span class='ocrx_word' id='word_1_25' title='bbox 2000 202 2153 256; x_wconf 64' lang='lat' dir='ltr'>&#39;dicunt</span> 
     </span>
    </p>

    <p class='ocr_par' dir='ltr' id='par_1_4' title="bbox 380 269 2153 339">
     <span class='ocr_line' id='line_1_4' title="bbox 380 269 2153 339; baseline -0.002 -16"><span class='ocrx_word' id='word_1_26' title='bbox 380 275 544 324; x_wconf 69' lang='lat' dir='ltr'>fiximen</span> <span class='ocrx_word' id='word_1_27' title='bbox 557 274 710 339; x_wconf 86' lang='lat' dir='ltr'>triplici</span> <span class='ocrx_word' id='word_1_28' title='bbox 729 270 903 338; x_wconf 80' lang='lat' dir='ltr'><strong>cuspide</strong></span> <span class='ocrx_word' id='word_1_29' title='bbox 931 271 1159 337; x_wconf 70' lang='lat' dir='ltr'>praeditum</span> <span class='ocrx_word' id='word_1_30' title='bbox 1175 306 1189 326; x_wconf 93' lang='lat'>,</span> <span class='ocrx_word' id='word_1_31' title='bbox 1200 273 1459 335; x_wconf 85' lang='lat' dir='ltr'>Neptunum</span> <span class='ocrx_word' id='word_1_32' title='bbox 1475 270 1707 318; x_wconf 69' lang='lat' dir='ltr'>tridentem</span> <span class='ocrx_word' id='word_1_33' title='bbox 1719 305 1730 323; x_wconf 94' lang='lat'>,</span> <span class='ocrx_word' id='word_1_34' title='bbox 1744 269 1983 319; x_wconf 88' lang='lat' dir='ltr'>Plutonem·</span> <span class='ocrx_word' id='word_1_35' title='bbox 2001 289 2153 320; x_wconf 76' lang='lat' dir='ltr'>canem</span> 
     </span>
    </p>

    <p class='ocr_par' dir='ltr' id='par_1_5' title="bbox 379 330 2154 406">
     <span class='ocr_line' id='line_1_5' title="bbox 379 330 2154 406; baseline -0.002 -18"><span class='ocrx_word' id='word_1_36' title='bbox 379 342 614 406; x_wconf 77' lang='lat' dir='ltr'>tricipitem</span> <span class='ocrx_word' id='word_1_37' title='bbox 631 338 799 386; x_wconf 79' lang='lat' dir='ltr'>habere.</span> <span class='ocrx_word' id='word_1_38' title='bbox 838 337 1141 405; x_wconf 82' lang='lat' dir='ltr'>Qamobrem</span> <span class='ocrx_word' id='word_1_39' title='bbox 1155 353 1254 383; x_wconf 88' lang='lat' dir='ltr'>cum</span> <span class='ocrx_word' id='word_1_40' title='bbox 1266 336 1464 383; x_wconf 82' lang='lat' dir='ltr'>Plutonis</span> <span class='ocrx_word' id='word_1_41' title='bbox 1490 337 1719 401; x_wconf 82' lang='lat' dir='ltr'>imaginem</span> <span class='ocrx_word' id='word_1_42' title='bbox 1741 330 2051 391; x_wconf 85' lang='lat' dir='ltr'>describemus,</span> <span class='ocrx_word' id='word_1_43' title='bbox 2073 340 2154 384; x_wconf 90' lang='lat' dir='ltr'>mi-</span> 
     </span>
    </p>

    <p class='ocr_par' dir='ltr' id='par_1_6' title="bbox 382 397 2154 535">
     <span class='ocr_line' id='line_1_6' title="bbox 384 397 2153 465; baseline -0.003 -12"><span class='ocrx_word' id='word_1_44' title='bbox 384 423 479 453; x_wconf 82' lang='lat' dir='ltr'>rum</span> <span class='ocrx_word' id='word_1_45' title='bbox 495 405 800 454; x_wconf 75' lang='lat' dir='ltr'>viderinemini</span> <span class='ocrx_word' id='word_1_46' title='bbox 816 403 1012 457; x_wconf 82' lang='lat' dir='ltr'>debebit,</span> <span class='ocrx_word' id='word_1_47' title='bbox 1025 401 1055 448; x_wconf 81' lang='lat' dir='ltr'>si</span> <span class='ocrx_word' id='word_1_48' title='bbox 1072 419 1173 449; x_wconf 89' lang='lat' dir='ltr'>eum</span> <span class='ocrx_word' id='word_1_49' title='bbox 1183 397 1403 448; x_wconf 87' lang='lat' dir='ltr'>interdum</span> <span class='ocrx_word' id='word_1_50' title='bbox 1411 417 1558 464; x_wconf 86' lang='lat' dir='ltr'>parem</span> <span class='ocrx_word' id='word_1_51' title='bbox 1571 400 1659 448; x_wconf 82' lang='lat' dir='ltr'>Soli</span> <span class='ocrx_word' id='word_1_52' title='bbox 1670 399 1877 465; x_wconf 85' lang='lat' dir='ltr'>potestate</span> <span class='ocrx_word' id='word_1_53' title='bbox 1901 400 2153 463; x_wconf 69' lang='lat' dir='ltr'>statuemus,</span> 
     </span>
     <span class='ocr_line' id='line_1_7' title="bbox 382 463 2154 535; baseline -0.003 -17"><span class='ocrx_word' id='word_1_54' title='bbox 382 467 673 535; x_wconf 82' lang='lat' dir='ltr'>&amp;aliquando</span> <span class='ocrx_word' id='word_1_55' title='bbox 699 484 828 516; x_wconf 84' lang='lat' dir='ltr'>terrae.</span> <span class='ocrx_word' id='word_1_56' title='bbox 859 466 944 515; x_wconf 87' lang='lat' dir='ltr'>Sed</span> <span class='ocrx_word' id='word_1_57' title='bbox 955 483 1097 513; x_wconf 83' lang='lat' dir='ltr'>tamen</span> <span class='ocrx_word' id='word_1_58' title='bbox 1108 483 1209 515; x_wconf 82' lang='lat' dir='ltr'>tunc</span> <span class='ocrx_word' id='word_1_59' title='bbox 1229 468 1356 514; x_wconf 83' lang='lat' dir='ltr'>etiam</span> <span class='ocrx_word' id='word_1_60' title='bbox 1367 463 1612 513; x_wconf 78' lang='lat' dir='ltr'>inferorum</span> <span class='ocrx_word' id='word_1_61' title='bbox 1623 468 1751 512; x_wconf 86' lang='lat' dir='ltr'>Deus</span> <span class='ocrx_word' id='word_1_62' title='bbox 1769 465 2154 532; x_wconf 79' lang='lat' dir='ltr'>estinteiligendus,</span> 
     </span>
    </p>

    <p class='ocr_par' dir='ltr' id='par_1_7' title="bbox 124 531 2156 730">
     <span class='ocr_line' id='line_1_8' title="bbox 125 531 2153 601; baseline -0.003 -18"><span class='ocrx_word' id='word_1_63' title='bbox 125 532 313 597; x_wconf 53' lang='grc' dir='ltr'>ξψξθηυ*</span> <span class='ocrx_word' id='word_1_64' title='bbox 382 550 537 601; x_wconf 81' lang='lat' dir='ltr'>utpote</span> <span class='ocrx_word' id='word_1_65' title='bbox 553 539 629 600; x_wconf 86' lang='lat' dir='ltr'>qui</span> <span class='ocrx_word' id='word_1_66' title='bbox 643 536 901 599; x_wconf 83' lang='lat' dir='ltr'>praecipuam</span> <span class='ocrx_word' id='word_1_67' title='bbox 912 532 970 578; x_wconf 86' lang='lat' dir='ltr'>ibi</span> <span class='ocrx_word' id='word_1_68' title='bbox 987 531 1243 596; x_wconf 85' lang='lat' dir='ltr'>potestatem</span> <span class='ocrx_word' id='word_1_69' title='bbox 1260 547 1451 578; x_wconf 85' lang='lat' dir='ltr'>exerceat</span> <span class='ocrx_word' id='word_1_70' title='bbox 1461 565 1475 586; x_wconf 95' lang='lat'>,</span> <span class='ocrx_word' id='word_1_71' title='bbox 1492 531 1804 595; x_wconf 81' lang='lat' dir='ltr'>imperiumque</span> <span class='ocrx_word' id='word_1_72' title='bbox 1815 531 1861 576; x_wconf 89' lang='lat' dir='ltr'>in</span> <span class='ocrx_word' id='word_1_73' title='bbox 1873 534 2033 579; x_wconf 73' lang='lat' dir='ltr'>animas</span> <span class='ocrx_word' id='word_1_74' title='bbox 2051 548 2153 578; x_wconf 85' lang='lat' dir='ltr'>cor-</span> 
     </span>
     <span class='ocr_line' id='line_1_9' title="bbox 124 587 2156 666; baseline -0.002 -19"><span class='ocrx_word' id='word_1_75' title='bbox 124 587 261 637; x_wconf 54' lang='lat' dir='ltr'><em>V‘d&#39;m·</em></span> <span class='ocrx_word' id='word_1_76' title='bbox 385 603 530 666; x_wconf 82' lang='lat' dir='ltr'>poreis</span> <span class='ocrx_word' id='word_1_77' title='bbox 540 599 719 647; x_wconf 82' lang='lat' dir='ltr'>vinculis</span> <span class='ocrx_word' id='word_1_78' title='bbox 731 596 942 645; x_wconf 85' lang='lat' dir='ltr'>exsolutas</span> <span class='ocrx_word' id='word_1_79' title='bbox 952 596 1118 645; x_wconf 81' lang='lat' dir='ltr'>habeat.</span> <span class='ocrx_word' id='word_1_80' title='bbox 1155 598 1241 644; x_wconf 86' lang='lat' dir='ltr'>Hic</span> <span class='ocrx_word' id='word_1_81' title='bbox 1258 631 1272 652; x_wconf 94' lang='lat'>,</span> <span class='ocrx_word' id='word_1_82' title='bbox 1283 612 1330 643; x_wconf 86' lang='lat' dir='ltr'>ut</span> <span class='ocrx_word' id='word_1_83' title='bbox 1343 595 1522 660; x_wconf 87' lang='lat' dir='ltr'>quilibet</span> <span class='ocrx_word' id='word_1_84' title='bbox 1535 600 1657 658; x_wconf 87' lang='lat' dir='ltr'>juxta</span> <span class='ocrx_word' id='word_1_85' title='bbox 1667 596 1901 660; x_wconf 88' lang='lat' dir='ltr'>promerita</span> <span class='ocrx_word' id='word_1_86' title='bbox 1907 593 2041 660; x_wconf 83' lang='lat' dir='ltr'>justas</span> <span class='ocrx_word' id='word_1_87' title='bbox 2052 613 2156 661; x_wconf 38' lang='lat' dir='ltr'>poe,-</span> 
     </span>
     <span class='ocr_line' id='line_1_10' title="bbox 387 659 2155 730; baseline -0.003 -18"><span class='ocrx_word' id='word_1_88' title='bbox 387 682 462 713; x_wconf 82' lang='lat' dir='ltr'>nas</span> <span class='ocrx_word' id='word_1_89' title='bbox 481 665 732 730; x_wconf 82' lang='lat' dir='ltr'>autpraemia</span> <span class='ocrx_word' id='word_1_90' title='bbox 743 659 1058 725; x_wconf 85' lang='lat' dir='ltr'>consequatur,</span> <span class='ocrx_word' id='word_1_91' title='bbox 1070 676 1155 710; x_wconf 87' lang='lat' dir='ltr'>tres</span> <span class='ocrx_word' id='word_1_92' title='bbox 1171 661 1427 726; x_wconf 77' lang='lat' dir='ltr'>aequisfimos</span> <span class='ocrx_word' id='word_1_93' title='bbox 1436 660 1604 723; x_wconf 82' lang='lat' dir='ltr'>judices</span> <span class='ocrx_word' id='word_1_94' title='bbox 1621 659 1778 707; x_wconf 85' lang='lat' dir='ltr'>habere</span> <span class='ocrx_word' id='word_1_95' title='bbox 1789 661 1969 725; x_wconf 80' lang='lat' dir='ltr'>fingitur</span> <span class='ocrx_word' id='word_1_96' title='bbox 1980 695 1994 716; x_wconf 92' lang='lat'>,</span> <span class='ocrx_word' id='word_1_97' title='bbox 2006 662 2080 726; x_wconf 91' lang='lat' dir='ltr'>qui</span> <span class='ocrx_word' id='word_1_98' title='bbox 2090 661 2155 706; x_wconf 87' lang='lat' dir='ltr'>in-</span> 
     </span>
    </p>

    <p class='ocr_par' dir='ltr' id='par_1_8' title="bbox 386 723 2156 793">
     <span class='ocr_line' id='line_1_11' title="bbox 386 723 2156 793; baseline -0.003 -17"><span class='ocrx_word' id='word_1_99' title='bbox 386 728 582 777; x_wconf 84' lang='lat' dir='ltr'>ferorum</span> <span class='ocrx_word' id='word_1_100' title='bbox 595 727 763 793; x_wconf 85' lang='lat' dir='ltr'>judicio</span> <span class='ocrx_word' id='word_1_101' title='bbox 784 727 947 791; x_wconf 72' lang='lat' dir='ltr'>praesint</span> <span class='ocrx_word' id='word_1_102' title='bbox 964 761 976 780; x_wconf 92' lang='lat'>,</span> <span class='ocrx_word' id='word_1_103' title='bbox 989 743 1183 788; x_wconf 78' lang='lat' dir='ltr'>quorum</span> <span class='ocrx_word' id='word_1_104' title='bbox 1199 742 1305 772; x_wconf 86' lang='lat' dir='ltr'>unus</span> <span class='ocrx_word' id='word_1_105' title='bbox 1325 723 1480 779; x_wconf 86' lang='lat' dir='ltr'>dicitur</span> <span class='ocrx_word' id='word_1_106' title='bbox 1491 723 1570 771; x_wconf 76' lang='lat' dir='ltr'>eise</span> <span class='ocrx_word' id='word_1_107' title='bbox 1586 741 1751 776; x_wconf 60' lang='lat' dir='ltr'>diacus,</span> <span class='ocrx_word' id='word_1_108' title='bbox 1763 727 1866 771; x_wconf 80' lang='lat' dir='ltr'>alter</span> <span class='ocrx_word' id='word_1_109' title='bbox 1877 727 2054 780; x_wconf 86' lang='lat' dir='ltr'>Minos,</span> <span class='ocrx_word' id='word_1_110' title='bbox 2067 740 2156 772; x_wconf 83' lang='lat' dir='ltr'>ter-</span> 
     </span>
    </p>

    <p class='ocr_par' dir='ltr' id='par_1_9' title="bbox 385 788 2157 855">
     <span class='ocr_line' id='line_1_12' title="bbox 385 788 2157 855; baseline -0.003 -13"><span class='ocrx_word' id='word_1_111' title='bbox 385 799 470 842; x_wconf 83' lang='lat' dir='ltr'>tius</span> <span class='ocrx_word' id='word_1_112' title='bbox 488 793 856 841; x_wconf 73' lang='lat' dir='ltr'>Rhadamanthus:</span> <span class='ocrx_word' id='word_1_113' title='bbox 885 792 936 837; x_wconf 89' lang='lat' dir='ltr'>de</span> <span class='ocrx_word' id='word_1_114' title='bbox 947 791 1102 855; x_wconf 86' lang='lat' dir='ltr'>quibus</span> <span class='ocrx_word' id='word_1_115' title='bbox 1115 823 1125 840; x_wconf 91' lang='lat'>,</span> <span class='ocrx_word' id='word_1_116' title='bbox 1147 806 1375 852; x_wconf 76' lang='lat' dir='ltr'>antequam</span> <span class='ocrx_word' id='word_1_117' title='bbox 1394 788 1445 836; x_wconf 91' lang='lat' dir='ltr'>ad</span> <span class='ocrx_word' id='word_1_118' title='bbox 1474 791 1700 836; x_wconf 88' lang='lat' dir='ltr'>Plutonem</span> <span class='ocrx_word' id='word_1_119' title='bbox 1718 791 1886 837; x_wconf 85' lang='lat' dir='ltr'>veniam</span> <span class='ocrx_word' id='word_1_120' title='bbox 1901 823 1916 844; x_wconf 92' lang='lat'>‚</span> <span class='ocrx_word' id='word_1_121' title='bbox 1936 790 2093 854; x_wconf 82' lang='lat' dir='ltr'>aliquid</span> <span class='ocrx_word' id='word_1_122' title='bbox 2106 805 2157 836; x_wconf 80' lang='lat' dir='ltr'>ex</span> 
     </span>
    </p>

    <p class='ocr_par' dir='ltr' id='par_1_10' title="bbox 388 852 2160 920">
     <span class='ocr_line' id='line_1_13' title="bbox 388 852 2160 920; baseline -0.003 -15"><span class='ocrx_word' id='word_1_123' title='bbox 388 860 572 908; x_wconf 83' lang='lat' dir='ltr'>Platone</span> <span class='ocrx_word' id='word_1_124' title='bbox 589 858 754 912; x_wconf 82' lang='lat' dir='ltr'>dicam3</span> <span class='ocrx_word' id='word_1_125' title='bbox 774 874 871 902; x_wconf 84' lang='lat' dir='ltr'>nam</span> <span class='ocrx_word' id='word_1_126' title='bbox 889 856 932 902; x_wconf 88' lang='lat' dir='ltr'>id</span> <span class='ocrx_word' id='word_1_127' title='bbox 951 872 1046 901; x_wconf 88' lang='lat' dir='ltr'>cum</span> <span class='ocrx_word' id='word_1_128' title='bbox 1058 857 1099 901; x_wconf 91' lang='lat' dir='ltr'>in</span> <span class='ocrx_word' id='word_1_129' title='bbox 1117 857 1263 920; x_wconf 87' lang='lat' dir='ltr'>primis</span> <span class='ocrx_word' id='word_1_130' title='bbox 1284 856 1466 918; x_wconf 85' lang='lat' dir='ltr'>cognitu</span> <span class='ocrx_word' id='word_1_131' title='bbox 1479 854 1727 916; x_wconf 87' lang='lat' dir='ltr'>jucundum</span> <span class='ocrx_word' id='word_1_132' title='bbox 1753 852 1924 901; x_wconf 90' lang='lat' dir='ltr'>videtur</span> <span class='ocrx_word' id='word_1_133' title='bbox 1939 888 1954 910; x_wconf 91' lang='lat'><em>‚</em></span> <span class='ocrx_word' id='word_1_134' title='bbox 1989 872 2036 901; x_wconf 89' lang='lat' dir='ltr'>ac</span> <span class='ocrx_word' id='word_1_135' title='bbox 2047 856 2160 900; x_wconf 89' lang='lat' dir='ltr'>mul-</span> 
     </span>
    </p>

    <p class='ocr_par' dir='ltr' id='par_1_11' title="bbox 390 918 2154 986">
     <span class='ocr_line' id='line_1_14' title="bbox 390 918 2154 986; baseline -0.003 -14"><span class='ocrx_word' id='word_1_136' title='bbox 390 940 484 972; x_wconf 90' lang='lat' dir='ltr'>tum</span> <span class='ocrx_word' id='word_1_137' title='bbox 500 920 641 971; x_wconf 84' lang='lat' dir='ltr'>facere</span> <span class='ocrx_word' id='word_1_138' title='bbox 659 918 1062 986; x_wconf 82' lang='lat' dir='ltr'>adintelligendum,</span> <span class='ocrx_word' id='word_1_139' title='bbox 1078 937 1168 985; x_wconf 89' lang='lat' dir='ltr'>quo</span> <span class='ocrx_word' id='word_1_140' title='bbox 1180 921 1311 983; x_wconf 62' lang='lat' dir='ltr'>pacio</span> <span class='ocrx_word' id='word_1_141' title='bbox 1329 935 1479 965; x_wconf 89' lang='lat' dir='ltr'>eorum</span> <span class='ocrx_word' id='word_1_142' title='bbox 1499 921 1708 984; x_wconf 81' lang='lat' dir='ltr'>imagines</span> <span class='ocrx_word' id='word_1_143' title='bbox 1732 919 1815 967; x_wconf 77' lang='lat' dir='ltr'>{int</span> <span class='ocrx_word' id='word_1_144' title='bbox 1841 919 2154 983; x_wconf 58' lang='lat' dir='ltr'>erprirnendaer</span> 
     </span>
    </p>

    <p class='ocr_par' dir='ltr' id='par_1_12' title="bbox 387 981 2160 1051">
     <span class='ocr_line' id='line_1_15' title="bbox 387 981 2160 1051; baseline -0.002 -15"><span class='ocrx_word' id='word_1_145' title='bbox 387 1003 483 1036; x_wconf 74' lang='lat' dir='ltr'>tum</span> <span class='ocrx_word' id='word_1_146' title='bbox 496 988 599 1035; x_wconf 88' lang='lat' dir='ltr'>hinc</span> <span class='ocrx_word' id='word_1_147' title='bbox 611 985 992 1040; x_wconf 83' lang='lat' dir='ltr'>discamuslicebit,</span> <span class='ocrx_word' id='word_1_148' title='bbox 1013 987 1158 1049; x_wconf 82' lang='lat' dir='ltr'>quales</span> <span class='ocrx_word' id='word_1_149' title='bbox 1174 984 1366 1031; x_wconf 88' lang='lat' dir='ltr'>iudicum</span> <span class='ocrx_word' id='word_1_150' title='bbox 1386 981 1572 1030; x_wconf 86' lang='lat' dir='ltr'>debeant</span> <span class='ocrx_word' id='word_1_151' title='bbox 1596 982 1679 1031; x_wconf 79' lang='lat' dir='ltr'>eise</span> <span class='ocrx_word' id='word_1_152' title='bbox 1708 1001 1868 1034; x_wconf 84' lang='lat' dir='ltr'>mores.</span> <span class='ocrx_word' id='word_1_153' title='bbox 1934 989 1998 1032; x_wconf 89' lang='lat' dir='ltr'>Ita</span> <span class='ocrx_word' id='word_1_154' title='bbox 2030 985 2160 1051; x_wconf 84' lang='lat' dir='ltr'>igitur</span> 
     </span>
    </p>

    <p class='ocr_par' dir='ltr' id='par_1_13' title="bbox 389 1049 2160 1114">
     <span class='ocr_line' id='line_1_16' title="bbox 389 1049 2160 1114; baseline -0.003 -14"><span class='ocrx_word' id='word_1_155' title='bbox 389 1054 514 1101; x_wconf 62' lang='lat' dir='ltr'>prato</span> <span class='ocrx_word' id='word_1_156' title='bbox 537 1052 668 1099; x_wconf 88' lang='lat' dir='ltr'>habet</span> <span class='ocrx_word' id='word_1_157' title='bbox 688 1075 697 1102; x_wconf 70' lang='grc' dir='ltr'><strong><em>ς</em></strong></span> <span class='ocrx_word' id='word_1_158' title='bbox 717 1053 889 1098; x_wconf 80' lang='lat' dir='ltr'>Saturni</span> <span class='ocrx_word' id='word_1_159' title='bbox 905 1051 1177 1114; x_wconf 85' lang='lat' dir='ltr'>temporelex</span> <span class='ocrx_word' id='word_1_160' title='bbox 1197 1063 1284 1096; x_wconf 83' lang='lat' dir='ltr'>erat</span> <span class='ocrx_word' id='word_1_161' title='bbox 1301 1083 1312 1099; x_wconf 90' lang='lat'>‚</span> <span class='ocrx_word' id='word_1_162' title='bbox 1333 1066 1426 1114; x_wconf 80' lang='lat' dir='ltr'>quae</span> <span class='ocrx_word' id='word_1_163' title='bbox 1445 1049 1672 1095; x_wconf 85' lang='lat' dir='ltr'>etiamnum</span> <span class='ocrx_word' id='word_1_164' title='bbox 1686 1050 1797 1111; x_wconf 85' lang='lat' dir='ltr'>apud</span> <span class='ocrx_word' id='word_1_165' title='bbox 1809 1051 1937 1096; x_wconf 90' lang='lat' dir='ltr'>Deos</span> <span class='ocrx_word' id='word_1_166' title='bbox 1948 1052 2081 1114; x_wconf 87' lang='lat' dir='ltr'>viget,</span> <span class='ocrx_word' id='word_1_167' title='bbox 2095 1050 2160 1097; x_wconf 80' lang='lat' dir='ltr'>vi-</span> 
     </span>
    </p>

    <p class='ocr_par' dir='ltr' id='par_1_14' title="bbox 391 1111 2163 1183">
     <span class='ocr_line' id='line_1_17' title="bbox 391 1111 2163 1183; baseline -0.001 -19"><span class='ocrx_word' id='word_1_168' title='bbox 391 1120 572 1183; x_wconf 83' lang='lat' dir='ltr'>guitque</span> <span class='ocrx_word' id='word_1_169' title='bbox 600 1115 791 1181; x_wconf 85' lang='lat' dir='ltr'>semper,</span> <span class='ocrx_word' id='word_1_170' title='bbox 808 1131 857 1162; x_wconf 91' lang='lat' dir='ltr'>ut</span> <span class='ocrx_word' id='word_1_171' title='bbox 887 1114 1044 1162; x_wconf 88' lang='lat' dir='ltr'>scilicet</span> <span class='ocrx_word' id='word_1_172' title='bbox 1066 1116 1094 1160; x_wconf 90' lang='lat' dir='ltr'>ii</span> <span class='ocrx_word' id='word_1_173' title='bbox 1118 1149 1132 1169; x_wconf 94' lang='lat'>,</span> <span class='ocrx_word' id='word_1_174' title='bbox 1154 1120 1226 1179; x_wconf 87' lang='lat' dir='ltr'>qui</span> <span class='ocrx_word' id='word_1_175' title='bbox 1253 1115 1383 1160; x_wconf 84' lang='lat' dir='ltr'>vitam</span> <span class='ocrx_word' id='word_1_176' title='bbox 1415 1131 1513 1160; x_wconf 87' lang='lat' dir='ltr'>cum</span> <span class='ocrx_word' id='word_1_177' title='bbox 1527 1112 1687 1176; x_wconf 84' lang='lat' dir='ltr'>justitia</span> <span class='ocrx_word' id='word_1_178' title='bbox 1719 1111 2036 1177; x_wconf 67' lang='lat' dir='ltr'>transegissent,</span> <span class='ocrx_word' id='word_1_179' title='bbox 2063 1112 2163 1178; x_wconf 87' lang='lat' dir='ltr'>post</span> 
     </span>
    </p>

    <p class='ocr_par' dir='ltr' id='par_1_15' title="bbox 393 1175 2162 1244">
     <span class='ocr_line' id='line_1_18' title="bbox 393 1175 2162 1244; baseline -0.002 -15"><span class='ocrx_word' id='word_1_180' title='bbox 393 1198 578 1230; x_wconf 87' lang='lat' dir='ltr'>mortem</span> <span class='ocrx_word' id='word_1_181' title='bbox 605 1181 661 1227; x_wconf 88' lang='lat' dir='ltr'>ad</span> <span class='ocrx_word' id='word_1_182' title='bbox 672 1180 900 1229; x_wconf 83' lang='lat' dir='ltr'>beatorum</span> <span class='ocrx_word' id='word_1_183' title='bbox 922 1178 1074 1226; x_wconf 82' lang='lat' dir='ltr'>insulas</span> <span class='ocrx_word' id='word_1_184' title='bbox 1097 1175 1468 1244; x_wconf 85' lang='lat' dir='ltr'>proficiscerentur</span> <span class='ocrx_word' id='word_1_185' title='bbox 1485 1199 1497 1234; x_wconf 93' lang='lat'>;</span> <span class='ocrx_word' id='word_1_186' title='bbox 1519 1193 1760 1242; x_wconf 83' lang='lat' dir='ltr'>contraque</span> <span class='ocrx_word' id='word_1_187' title='bbox 1780 1179 1854 1244; x_wconf 89' lang='lat' dir='ltr'>qui</span> <span class='ocrx_word' id='word_1_188' title='bbox 1871 1189 2061 1244; x_wconf 81' lang='lat' dir='ltr'>nequam</span> <span class='ocrx_word' id='word_1_189' title='bbox 2076 1213 2090 1235; x_wconf 89' lang='lat'>‚</span> <span class='ocrx_word' id='word_1_190' title='bbox 2112 1195 2162 1226; x_wconf 86' lang='lat' dir='ltr'>ac</span> 
     </span>
    </p>

    <p class='ocr_par' dir='ltr' id='par_1_16' title="bbox 393 1239 2163 1311">
     <span class='ocr_line' id='line_1_19' title="bbox 393 1239 2163 1311; baseline -0.002 -17"><span class='ocrx_word' id='word_1_191' title='bbox 393 1245 602 1311; x_wconf 64' lang='lat' dir='ltr'>flagitiose</span> <span class='ocrx_word' id='word_1_192' title='bbox 619 1244 815 1295; x_wconf 87' lang='lat' dir='ltr'>vixissent</span> <span class='ocrx_word' id='word_1_193' title='bbox 830 1279 844 1300; x_wconf 93' lang='lat'>,</span> <span class='ocrx_word' id='word_1_194' title='bbox 861 1242 1096 1292; x_wconf 83' lang='lat' dir='ltr'>morientes</span> <span class='ocrx_word' id='word_1_195' title='bbox 1118 1260 1172 1290; x_wconf 88' lang='lat' dir='ltr'>eo</span> <span class='ocrx_word' id='word_1_196' title='bbox 1186 1241 1532 1298; x_wconf 87' lang='lat' dir='ltr'>abducerentur,</span> <span class='ocrx_word' id='word_1_197' title='bbox 1553 1243 1630 1290; x_wconf 90' lang='lat' dir='ltr'>ubi</span> <span class='ocrx_word' id='word_1_198' title='bbox 1646 1260 1801 1308; x_wconf 80' lang='lat' dir='ltr'>poenas</span> <span class='ocrx_word' id='word_1_199' title='bbox 1826 1239 2000 1299; x_wconf 80' lang='lat' dir='ltr'>suorum</span> <span class='ocrx_word' id='word_1_200' title='bbox 2032 1241 2163 1294; x_wconf 84' lang='lat' dir='ltr'>scele-</span> 
     </span>
    </p>

    <p class='ocr_par' dir='ltr' id='par_1_17' title="bbox 397 1299 2164 1374">
     <span class='ocr_line' id='line_1_20' title="bbox 397 1299 2164 1374; baseline -0.003 -16"><span class='ocrx_word' id='word_1_201' title='bbox 397 1329 492 1358; x_wconf 89' lang='lat' dir='ltr'>rum</span> <span class='ocrx_word' id='word_1_202' title='bbox 502 1312 681 1358; x_wconf 86' lang='lat' dir='ltr'>luerent.</span> <span class='ocrx_word' id='word_1_203' title='bbox 717 1311 799 1359; x_wconf 89' lang='lat' dir='ltr'>Sed</span> <span class='ocrx_word' id='word_1_204' title='bbox 819 1314 1000 1357; x_wconf 82' lang='lat' dir='ltr'>Saturno</span> <span class='ocrx_word' id='word_1_205' title='bbox 1020 1323 1222 1373; x_wconf 82' lang='lat' dir='ltr'>regnante</span> <span class='ocrx_word' id='word_1_206' title='bbox 1238 1341 1249 1359; x_wconf 90' lang='lat'>‚</span> <span class='ocrx_word' id='word_1_207' title='bbox 1278 1314 1320 1356; x_wconf 84' lang='lat'>&amp;</span> <span class='ocrx_word' id='word_1_208' title='bbox 1343 1311 1384 1354; x_wconf 85' lang='lat' dir='ltr'>in</span> <span class='ocrx_word' id='word_1_209' title='bbox 1401 1308 1648 1372; x_wconf 84' lang='lat' dir='ltr'>primordiis</span> <span class='ocrx_word' id='word_1_210' title='bbox 1668 1310 1790 1373; x_wconf 81' lang='lat' dir='ltr'>regni</span> <span class='ocrx_word' id='word_1_211' title='bbox 1799 1309 1922 1374; x_wconf 86' lang='lat' dir='ltr'>Jovis</span> <span class='ocrx_word' id='word_1_212' title='bbox 1943 1299 2084 1355; x_wconf 70' lang='lat' dir='ltr'>adhuc</span> <span class='ocrx_word' id='word_1_213' title='bbox 2097 1310 2164 1355; x_wconf 79' lang='lat' dir='ltr'>vi-</span> 
     </span>
    </p>

    <p class='ocr_par' dir='ltr' id='par_1_18' title="bbox 395 1366 2166 1441">
     <span class='ocr_line' id='line_1_21' title="bbox 395 1366 2166 1441; baseline -0.002 -18"><span class='ocrx_word' id='word_1_214' title='bbox 395 1378 441 1423; x_wconf 84' lang='lat' dir='ltr'>vi</span> <span class='ocrx_word' id='word_1_215' title='bbox 459 1410 472 1431; x_wconf 92' lang='lat'>‚</span> <span class='ocrx_word' id='word_1_216' title='bbox 495 1375 715 1441; x_wconf 85' lang='lat' dir='ltr'>postremo</span> <span class='ocrx_word' id='word_1_217' title='bbox 733 1373 930 1422; x_wconf 88' lang='lat' dir='ltr'>videlicet</span> <span class='ocrx_word' id='word_1_218' title='bbox 949 1377 1040 1422; x_wconf 77' lang='lat' dir='ltr'>vita:</span> <span class='ocrx_word' id='word_1_219' title='bbox 1054 1375 1120 1420; x_wconf 85' lang='lat' dir='ltr'>die</span> <span class='ocrx_word' id='word_1_220' title='bbox 1137 1372 1336 1420; x_wconf 87' lang='lat' dir='ltr'>homines</span> <span class='ocrx_word' id='word_1_221' title='bbox 1358 1374 1484 1420; x_wconf 81' lang='lat' dir='ltr'>etiam</span> <span class='ocrx_word' id='word_1_222' title='bbox 1509 1372 1533 1420; x_wconf 65' lang='grc' dir='ltr'>εὶ</span> <span class='ocrx_word' id='word_1_223' title='bbox 1556 1374 1658 1419; x_wconf 89' lang='lat' dir='ltr'>vivis</span> <span class='ocrx_word' id='word_1_224' title='bbox 1675 1373 1889 1436; x_wconf 78' lang='lat' dir='ltr'>judicibus</span> <span class='ocrx_word' id='word_1_225' title='bbox 1908 1366 2166 1435; x_wconf 68' lang='lat' dir='ltr'>judicaban-</span> 
     </span>
    </p>

    <p class='ocr_par' dir='ltr' id='par_1_19' title="bbox 396 1434 2166 1506">
     <span class='ocr_line' id='line_1_22' title="bbox 396 1434 2166 1506; baseline -0.002 -19"><span class='ocrx_word' id='word_1_226' title='bbox 396 1456 466 1487; x_wconf 87' lang='lat' dir='ltr'>tur</span> <span class='ocrx_word' id='word_1_227' title='bbox 485 1458 604 1506; x_wconf 89' lang='lat' dir='ltr'>:quo</span> <span class='ocrx_word' id='word_1_228' title='bbox 625 1440 755 1487; x_wconf 87' lang='lat' dir='ltr'>fiebat</span> <span class='ocrx_word' id='word_1_229' title='bbox 774 1476 784 1491; x_wconf 90' lang='lat'>,</span> <span class='ocrx_word' id='word_1_230' title='bbox 814 1455 863 1487; x_wconf 90' lang='lat' dir='ltr'>ut</span> <span class='ocrx_word' id='word_1_231' title='bbox 885 1439 1006 1486; x_wconf 87' lang='lat' dir='ltr'>multi</span> <span class='ocrx_word' id='word_1_232' title='bbox 1032 1456 1122 1486; x_wconf 92' lang='lat' dir='ltr'>non</span> <span class='ocrx_word' id='word_1_233' title='bbox 1142 1456 1222 1502; x_wconf 82' lang='lat' dir='ltr'>pro</span> <span class='ocrx_word' id='word_1_234' title='bbox 1254 1440 1347 1486; x_wconf 80' lang='lat' dir='ltr'>vitae</span> <span class='ocrx_word' id='word_1_235' title='bbox 1371 1438 1531 1484; x_wconf 85' lang='lat' dir='ltr'>meritis</span> <span class='ocrx_word' id='word_1_236' title='bbox 1557 1434 1771 1499; x_wconf 88' lang='lat' dir='ltr'>judicium</span> <span class='ocrx_word' id='word_1_237' title='bbox 1800 1435 1973 1487; x_wconf 48' lang='lat' dir='ltr'>ferrent,</span> <span class='ocrx_word' id='word_1_238' title='bbox 2024 1437 2166 1503; x_wconf 82' lang='lat' dir='ltr'>Qod</span> 
     </span>
    </p>

    <p class='ocr_par' dir='ltr' id='par_1_20' title="bbox 398 1501 2169 1570">
     <span class='ocr_line' id='line_1_23' title="bbox 398 1501 2169 1570; baseline -0.002 -18"><span class='ocrx_word' id='word_1_239' title='bbox 398 1507 472 1553; x_wconf 84' lang='lat' dir='ltr'>ubi</span> <span class='ocrx_word' id='word_1_240' title='bbox 491 1507 662 1570; x_wconf 82' lang='lat' dir='ltr'>Jupiter</span> <span class='ocrx_word' id='word_1_241' title='bbox 687 1522 737 1551; x_wconf 86' lang='lat' dir='ltr'>ex</span> <span class='ocrx_word' id='word_1_242' title='bbox 748 1505 934 1552; x_wconf 78' lang='lat' dir='ltr'>Plutone</span> <span class='ocrx_word' id='word_1_243' title='bbox 960 1501 1200 1554; x_wconf 70' lang='lat' dir='ltr'>rescivisset,</span> <span class='ocrx_word' id='word_1_244' title='bbox 1223 1519 1271 1549; x_wconf 83' lang='lat' dir='ltr'>ex</span> <span class='ocrx_word' id='word_1_245' title='bbox 1291 1504 1434 1566; x_wconf 87' lang='lat' dir='ltr'>eisque</span> <span class='ocrx_word' id='word_1_246' title='bbox 1461 1503 1538 1566; x_wconf 84' lang='lat' dir='ltr'>qui</span> <span class='ocrx_word' id='word_1_247' title='bbox 1554 1502 1784 1548; x_wconf 80' lang='lat' dir='ltr'>beatorum</span> <span class='ocrx_word' id='word_1_248' title='bbox 1802 1501 1944 1549; x_wconf 83' lang='lat' dir='ltr'>msulis</span> <span class='ocrx_word' id='word_1_249' title='bbox 1968 1503 2169 1563; x_wconf 78' lang='lat' dir='ltr'>praeside-</span> 
     </span>
    </p>

    <p class='ocr_par' dir='ltr' id='par_1_21' title="bbox 400 1565 2167 1699">
     <span class='ocr_line' id='line_1_24' title="bbox 400 1565 2167 1633; baseline -0.002 -16"><span class='ocrx_word' id='word_1_250' title='bbox 400 1587 495 1618; x_wconf 88' lang='lat' dir='ltr'>rent</span> <span class='ocrx_word' id='word_1_251' title='bbox 520 1611 530 1627; x_wconf 83' lang='lat'>,</span> <span class='ocrx_word' id='word_1_252' title='bbox 545 1571 708 1616; x_wconf 90' lang='lat' dir='ltr'>multos</span> <span class='ocrx_word' id='word_1_253' title='bbox 727 1567 881 1616; x_wconf 84' lang='lat' dir='ltr'>scilicet</span> <span class='ocrx_word' id='word_1_254' title='bbox 906 1570 1002 1627; x_wconf 83' lang='lat' dir='ltr'>illuc</span> <span class='ocrx_word' id='word_1_255' title='bbox 1023 1568 1239 1624; x_wconf 81' lang='lat' dir='ltr'>destinari,</span> <span class='ocrx_word' id='word_1_256' title='bbox 1275 1571 1352 1633; x_wconf 87' lang='lat' dir='ltr'>qui</span> <span class='ocrx_word' id='word_1_257' title='bbox 1385 1584 1483 1613; x_wconf 80' lang='lat' dir='ltr'>eum</span> <span class='ocrx_word' id='word_1_258' title='bbox 1502 1565 1650 1613; x_wconf 88' lang='lat' dir='ltr'>locum</span> <span class='ocrx_word' id='word_1_259' title='bbox 1669 1567 1793 1613; x_wconf 84' lang='lat' dir='ltr'>nullis</span> <span class='ocrx_word' id='word_1_260' title='bbox 1820 1566 2063 1631; x_wconf 84' lang='lat' dir='ltr'>promeritis</span> <span class='ocrx_word' id='word_1_261' title='bbox 2088 1566 2167 1614; x_wconf 84' lang='lat' dir='ltr'>sibi</span> 
     </span>
     <span class='ocr_line' id='line_1_25' title="bbox 401 1631 2166 1699; baseline -0.004 -15"><span class='ocrx_word' id='word_1_262' title='bbox 401 1632 709 1699; x_wconf 77' lang='lat' dir='ltr'>comparassent</span> <span class='ocrx_word' id='word_1_263' title='bbox 734 1661 743 1687; x_wconf 56' lang='grc' dir='ltr'><strong><em>ς</em></strong></span> <span class='ocrx_word' id='word_1_264' title='bbox 778 1632 816 1681; x_wconf 86' lang='lat' dir='ltr'>se</span> <span class='ocrx_word' id='word_1_265' title='bbox 836 1633 937 1681; x_wconf 85' lang='lat' dir='ltr'>huic</span> <span class='ocrx_word' id='word_1_266' title='bbox 955 1633 1115 1692; x_wconf 85' lang='lat' dir='ltr'>ordinis</span> <span class='ocrx_word' id='word_1_267' title='bbox 1127 1631 1440 1697; x_wconf 79' lang='lat' dir='ltr'>perturbationi</span> <span class='ocrx_word' id='word_1_268' title='bbox 1465 1632 1640 1678; x_wconf 80' lang='lat' dir='ltr'>obviam</span> <span class='ocrx_word' id='word_1_269' title='bbox 1667 1633 1829 1678; x_wconf 84' lang='lat' dir='ltr'>iturum</span> <span class='ocrx_word' id='word_1_270' title='bbox 1845 1633 2009 1696; x_wconf 84' lang='lat' dir='ltr'>inquit,</span> <span class='ocrx_word' id='word_1_271' title='bbox 2042 1636 2166 1695; x_wconf 85' lang='lat' dir='ltr'>cujus</span> 
     </span>
    </p>

    <p class='ocr_par' dir='ltr' id='par_1_22' title="bbox 403 1696 2169 1767">
     <span class='ocr_line' id='line_1_26' title="bbox 403 1696 2169 1767; baseline -0.002 -21"><span class='ocrx_word' id='word_1_272' title='bbox 403 1697 568 1767; x_wconf 67' lang='lat' dir='ltr'>causam</span> <span class='ocrx_word' id='word_1_273' title='bbox 591 1701 634 1745; x_wconf 89' lang='lat' dir='ltr'>in</span> <span class='ocrx_word' id='word_1_274' title='bbox 653 1699 698 1745; x_wconf 88' lang='lat' dir='ltr'>id</span> <span class='ocrx_word' id='word_1_275' title='bbox 725 1697 938 1746; x_wconf 82' lang='lat' dir='ltr'>referebat</span> <span class='ocrx_word' id='word_1_276' title='bbox 956 1732 969 1754; x_wconf 92' lang='lat'>,</span> <span class='ocrx_word' id='word_1_277' title='bbox 998 1698 1123 1761; x_wconf 89' lang='lat' dir='ltr'>quod</span> <span class='ocrx_word' id='word_1_278' title='bbox 1146 1697 1343 1745; x_wconf 85' lang='lat' dir='ltr'>homines</span> <span class='ocrx_word' id='word_1_279' title='bbox 1369 1712 1472 1743; x_wconf 80' lang='lat' dir='ltr'>ante</span> <span class='ocrx_word' id='word_1_280' title='bbox 1496 1712 1685 1743; x_wconf 83' lang='lat' dir='ltr'>mortem</span> <span class='ocrx_word' id='word_1_281' title='bbox 1704 1696 2001 1760; x_wconf 86' lang='lat' dir='ltr'>judicarentur</span> <span class='ocrx_word' id='word_1_282' title='bbox 2016 1730 2031 1752; x_wconf 94' lang='lat'>,</span> <span class='ocrx_word' id='word_1_283' title='bbox 2063 1697 2169 1744; x_wconf 86' lang='lat' dir='ltr'>dum</span> 
     </span>
    </p>

    <p class='ocr_par' dir='ltr' id='par_1_23' title="bbox 140 1759 2222 1956">
     <span class='ocr_line' id='line_1_27' title="bbox 148 1759 2222 1834; baseline -0.001 -21"><span class='ocrx_word' id='word_1_284' title='bbox 148 1797 273 1834; x_wconf 73' lang='lat' dir='ltr'>radices</span> <span class='ocrx_word' id='word_1_285' title='bbox 284 1805 346 1831; x_wconf 57' lang='lat' dir='ltr'>em,</span> <span class='ocrx_word' id='word_1_286' title='bbox 391 1763 575 1812; x_wconf 81' lang='lat' dir='ltr'>-mortali</span> <span class='ocrx_word' id='word_1_287' title='bbox 592 1763 731 1811; x_wconf 86' lang='lat' dir='ltr'>adhuc</span> <span class='ocrx_word' id='word_1_288' title='bbox 749 1773 936 1828; x_wconf 82' lang='lat' dir='ltr'>corpore</span> <span class='ocrx_word' id='word_1_289' title='bbox 955 1761 1343 1818; x_wconf 83' lang='lat' dir='ltr'>circumdarentur,</span> <span class='ocrx_word' id='word_1_290' title='bbox 1368 1762 1579 1826; x_wconf 89' lang='lat' dir='ltr'>multique</span> <span class='ocrx_word' id='word_1_291' title='bbox 1598 1778 1674 1807; x_wconf 85' lang='lat' dir='ltr'>eos</span> <span class='ocrx_word' id='word_1_292' title='bbox 1700 1759 2021 1810; x_wconf 80' lang='lat' dir='ltr'>circumstarent</span> <span class='ocrx_word' id='word_1_293' title='bbox 2044 1795 2058 1818; x_wconf 87' lang='lat'>‚</span> <span class='ocrx_word' id='word_1_294' title='bbox 2092 1762 2169 1827; x_wconf 76' lang='lat' dir='ltr'>qui</span> <span class='ocrx_word' id='word_1_295' title='bbox 2211 1776 2222 1780; x_wconf 77' lang='grc'>“·</span> 
     </span>
     <span class='ocr_line' id='line_1_28' title="bbox 140 1823 2166 1901; baseline -0.002 -25"><span class='ocrx_word' id='word_1_296' title='bbox 140 1850 325 1901; x_wconf 70' lang='lat' dir='ltr'>fallamur.</span> <span class='ocrx_word' id='word_1_297' title='bbox 405 1829 540 1883; x_wconf 88' lang='lat' dir='ltr'>bene,</span> <span class='ocrx_word' id='word_1_298' title='bbox 560 1827 722 1875; x_wconf 84' lang='lat' dir='ltr'>maleve</span> <span class='ocrx_word' id='word_1_299' title='bbox 734 1829 785 1876; x_wconf 88' lang='lat' dir='ltr'>de</span> <span class='ocrx_word' id='word_1_300' title='bbox 801 1828 898 1892; x_wconf 79' lang='lat' dir='ltr'>ipsis</span> <span class='ocrx_word' id='word_1_301' title='bbox 923 1827 1137 1875; x_wconf 79' lang='lat' dir='ltr'>sentirent.</span> <span class='ocrx_word' id='word_1_302' title='bbox 1170 1831 1318 1890; x_wconf 86' lang='lat' dir='ltr'>Itaque</span> <span class='ocrx_word' id='word_1_303' title='bbox 1328 1826 1535 1891; x_wconf 82' lang='lat' dir='ltr'>plurimos</span> <span class='ocrx_word' id='word_1_304' title='bbox 1552 1829 1722 1873; x_wconf 87' lang='lat' dir='ltr'>animos</span> <span class='ocrx_word' id='word_1_305' title='bbox 1733 1823 1960 1874; x_wconf 85' lang='lat' dir='ltr'>sceleribus</span> <span class='ocrx_word' id='word_1_306' title='bbox 1976 1843 2166 1891; x_wconf 88' lang='lat' dir='ltr'>cooper-</span> 
     </span>
     <span class='ocr_line' id='line_1_29' title="bbox 403 1889 2169 1956; baseline -0.002 -15"><span class='ocrx_word' id='word_1_307' title='bbox 403 1909 474 1941; x_wconf 85' lang='lat' dir='ltr'>tos</span> <span class='ocrx_word' id='word_1_308' title='bbox 492 1891 530 1939; x_wconf 89' lang='lat' dir='ltr'>se</span> <span class='ocrx_word' id='word_1_309' title='bbox 542 1911 690 1940; x_wconf 84' lang='lat' dir='ltr'>coram</span> <span class='ocrx_word' id='word_1_310' title='bbox 697 1893 912 1956; x_wconf 83' lang='lat' dir='ltr'>judicibus</span> <span class='ocrx_word' id='word_1_311' title='bbox 929 1893 1065 1940; x_wconf 80' lang='lat' dir='ltr'>sistere</span> <span class='ocrx_word' id='word_1_312' title='bbox 1077 1892 1231 1939; x_wconf 82' lang='lat' dir='ltr'>audere</span> <span class='ocrx_word' id='word_1_313' title='bbox 1254 1925 1268 1948; x_wconf 91' lang='lat'>,</span> <span class='ocrx_word' id='word_1_314' title='bbox 1287 1907 1505 1955; x_wconf 84' lang='lat' dir='ltr'>tamquam</span> <span class='ocrx_word' id='word_1_315' title='bbox 1522 1889 1553 1937; x_wconf 84' lang='lat' dir='ltr'>fi</span> <span class='ocrx_word' id='word_1_316' title='bbox 1571 1890 1704 1938; x_wconf 84' lang='lat' dir='ltr'>effent</span> <span class='ocrx_word' id='word_1_317' title='bbox 1727 1889 1892 1938; x_wconf 85' lang='lat' dir='ltr'>summa</span> <span class='ocrx_word' id='word_1_318' title='bbox 1914 1890 2169 1938; x_wconf 75' lang='lat' dir='ltr'>innocentia</span> 
     </span>
    </p>

    <p class='ocr_par' dir='ltr' id='par_1_24' title="bbox 374 1954 2169 2024">
     <span class='ocr_line' id='line_1_30' title="bbox 374 1954 2169 2024; baseline -0.001 -20"><span class='ocrx_word' id='word_1_319' title='bbox 374 2007 375 2010; x_wconf 54' lang='grc'>,</span> <span class='ocrx_word' id='word_1_320' title='bbox 403 1957 569 2024; x_wconf 81' lang='lat' dir='ltr'>praediti</span> <span class='ocrx_word' id='word_1_321' title='bbox 589 1978 602 2014; x_wconf 90' lang='lat'>;</span> <span class='ocrx_word' id='word_1_322' title='bbox 622 1957 735 2004; x_wconf 79' lang='lat' dir='ltr'>{uam</span> <span class='ocrx_word' id='word_1_323' title='bbox 753 1960 865 2004; x_wconf 86' lang='lat' dir='ltr'>enim</span> <span class='ocrx_word' id='word_1_324' title='bbox 882 1957 1196 2021; x_wconf 78' lang='lat' dir='ltr'>perversitatem</span> <span class='ocrx_word' id='word_1_325' title='bbox 1228 1958 1424 2020; x_wconf 79' lang='lat' dir='ltr'>corporis</span> <span class='ocrx_word' id='word_1_326' title='bbox 1445 1955 1724 2019; x_wconf 85' lang='lat' dir='ltr'>pulcritudine</span> <span class='ocrx_word' id='word_1_327' title='bbox 1745 1991 1759 2012; x_wconf 93' lang='lat'>,</span> <span class='ocrx_word' id='word_1_328' title='bbox 1779 1955 1946 2004; x_wconf 78' lang='lat' dir='ltr'>familiae</span> <span class='ocrx_word' id='word_1_329' title='bbox 1965 1954 2169 2007; x_wconf 77' lang='lat' dir='ltr'>nobilita-</span> 
     </span>
    </p>

    <p class='ocr_par' dir='ltr' id='par_1_25' title="bbox 365 2013 2164 2087">
     <span class='ocr_line' id='line_1_31' title="bbox 365 2013 2164 2087; baseline 0 -17"><span class='ocrx_word' id='word_1_330' title='bbox 365 2016 377 2074; x_wconf 74' lang='lat'><em>)</em></span> <span class='ocrx_word' id='word_1_331' title='bbox 404 2039 448 2070; x_wconf 80' lang='lat' dir='ltr'>te</span> <span class='ocrx_word' id='word_1_332' title='bbox 465 2056 478 2077; x_wconf 89' lang='lat'>,</span> <span class='ocrx_word' id='word_1_333' title='bbox 497 2023 821 2087; x_wconf 84' lang='lat' dir='ltr'>divitiarumque</span> <span class='ocrx_word' id='word_1_334' title='bbox 841 2023 965 2086; x_wconf 85' lang='lat' dir='ltr'>copia</span> <span class='ocrx_word' id='word_1_335' title='bbox 985 2038 1129 2086; x_wconf 87' lang='lat' dir='ltr'>tegere</span> <span class='ocrx_word' id='word_1_336' title='bbox 1149 2040 1162 2076; x_wconf 84' lang='lat'>3</span> <span class='ocrx_word' id='word_1_337' title='bbox 1181 2038 1259 2068; x_wconf 91' lang='lat' dir='ltr'>nec</span> <span class='ocrx_word' id='word_1_338' title='bbox 1269 2019 1444 2068; x_wconf 85' lang='lat' dir='ltr'>testibus</span> <span class='ocrx_word' id='word_1_339' title='bbox 1455 2018 1622 2066; x_wconf 86' lang='lat' dir='ltr'>destitui</span> <span class='ocrx_word' id='word_1_340' title='bbox 1645 2054 1659 2075; x_wconf 92' lang='lat'>,</span> <span class='ocrx_word' id='word_1_341' title='bbox 1686 2025 1759 2086; x_wconf 89' lang='lat' dir='ltr'>qui</span> <span class='ocrx_word' id='word_1_342' title='bbox 1790 2019 1966 2069; x_wconf 80' lang='lat' dir='ltr'>asserant</span> <span class='ocrx_word' id='word_1_343' title='bbox 1990 2013 2076 2072; x_wconf 49' lang='lat' dir='ltr'>sse</span> <span class='ocrx_word' id='word_1_344' title='bbox 2099 2021 2164 2070; x_wconf 62' lang='lat' dir='ltr'>vi-</span> 
     </span>
    </p>

    <p class='ocr_par' dir='ltr' id='par_1_26' title="bbox 403 2082 2167 2151">
     <span class='ocr_line' id='line_1_32' title="bbox 403 2082 2167 2151; baseline -0.001 -17"><span class='ocrx_word' id='word_1_345' title='bbox 403 2102 494 2135; x_wconf 84' lang='lat' dir='ltr'>tam</span> <span class='ocrx_word' id='word_1_346' title='bbox 519 2120 531 2140; x_wconf 90' lang='lat'>,</span> <span class='ocrx_word' id='word_1_347' title='bbox 558 2088 677 2134; x_wconf 84' lang='lat' dir='ltr'>omni</span> <span class='ocrx_word' id='word_1_348' title='bbox 697 2089 818 2151; x_wconf 85' lang='lat' dir='ltr'>culpa</span> <span class='ocrx_word' id='word_1_349' title='bbox 843 2102 1058 2134; x_wconf 87' lang='lat' dir='ltr'>carentem</span> <span class='ocrx_word' id='word_1_350' title='bbox 1087 2082 1263 2136; x_wconf 69' lang='lat' dir='ltr'>duxisse.</span> <span class='ocrx_word' id='word_1_351' title='bbox 1309 2089 1460 2148; x_wconf 85' lang='lat' dir='ltr'>Itaque</span> <span class='ocrx_word' id='word_1_352' title='bbox 1479 2084 1643 2146; x_wconf 75' lang='lat' dir='ltr'>judices</span> <span class='ocrx_word' id='word_1_353' title='bbox 1662 2119 1678 2140; x_wconf 88' lang='lat'>‚</span> <span class='ocrx_word' id='word_1_354' title='bbox 1696 2103 1885 2151; x_wconf 87' lang='lat' dir='ltr'>corpore</span> <span class='ocrx_word' id='word_1_355' title='bbox 1917 2083 2167 2150; x_wconf 75' lang='lat' dir='ltr'>impeditos.</span> 
     </span>
    </p>

    <p class='ocr_par' dir='ltr' id='par_1_27' title="bbox 406 2138 2169 2217">
     <span class='ocr_line' id='line_1_33' title="bbox 406 2138 2169 2217; baseline 0 -20"><span class='ocrx_word' id='word_1_356' title='bbox 406 2149 532 2217; x_wconf 89' lang='lat' dir='ltr'>quod</span> <span class='ocrx_word' id='word_1_357' title='bbox 556 2151 685 2198; x_wconf 90' lang='lat' dir='ltr'>veluti</span> <span class='ocrx_word' id='word_1_358' title='bbox 707 2153 849 2200; x_wconf 89' lang='lat' dir='ltr'>ve-lum</span> <span class='ocrx_word' id='word_1_359' title='bbox 871 2150 929 2199; x_wconf 86' lang='lat' dir='ltr'>est</span> <span class='ocrx_word' id='word_1_360' title='bbox 947 2138 1090 2197; x_wconf 75' lang='lat' dir='ltr'>animo</span> <span class='ocrx_word' id='word_1_361' title='bbox 1123 2149 1346 2213; x_wconf 66' lang='lat' dir='ltr'>objectum</span> <span class='ocrx_word' id='word_1_362' title='bbox 1365 2182 1378 2203; x_wconf 90' lang='lat'>,</span> <span class='ocrx_word' id='word_1_363' title='bbox 1392 2150 1622 2212; x_wconf 82' lang='lat' dir='ltr'>quominus</span> <span class='ocrx_word' id='word_1_364' title='bbox 1639 2167 1788 2205; x_wconf 83' lang='lat' dir='ltr'>verum</span> <span class='ocrx_word' id='word_1_365' title='bbox 1806 2166 1981 2214; x_wconf 79' lang='lat' dir='ltr'>cernere</span> <span class='ocrx_word' id='word_1_366' title='bbox 1991 2147 2169 2214; x_wconf 61' lang='lat' dir='ltr'>rioffint,</span> 
     </span>
    </p>

    <p class='ocr_par' dir='ltr' id='par_1_28' title="bbox 405 2212 2171 2279">
     <span class='ocr_line' id='line_1_34' title="bbox 405 2212 2171 2279; baseline -0.001 -16"><span class='ocrx_word' id='word_1_367' title='bbox 405 2231 476 2263; x_wconf 75' lang='lat' dir='ltr'>tot</span> <span class='ocrx_word' id='word_1_368' title='bbox 487 2215 615 2262; x_wconf 90' lang='lat' dir='ltr'>rebus</span> <span class='ocrx_word' id='word_1_369' title='bbox 626 2216 846 2279; x_wconf 84' lang='lat' dir='ltr'>deceptos,</span> <span class='ocrx_word' id='word_1_370' title='bbox 863 2233 910 2263; x_wconf 79' lang='lat' dir='ltr'>ac</span> <span class='ocrx_word' id='word_1_371' title='bbox 922 2230 1088 2262; x_wconf 82' lang='lat' dir='ltr'>tantam</span> <span class='ocrx_word' id='word_1_372' title='bbox 1107 2214 1352 2267; x_wconf 87' lang='lat' dir='ltr'>bonitatem</span> <span class='ocrx_word' id='word_1_373' title='bbox 1362 2213 1613 2261; x_wconf 79' lang='lat' dir='ltr'>admirantes</span> <span class='ocrx_word' id='word_1_374' title='bbox 1629 2248 1644 2270; x_wconf 90' lang='lat'>,</span> <span class='ocrx_word' id='word_1_375' title='bbox 1658 2232 1750 2262; x_wconf 85' lang='lat' dir='ltr'>non</span> <span class='ocrx_word' id='word_1_376' title='bbox 1798 2212 1885 2262; x_wconf 87' lang='lat' dir='ltr'>offe</span> <span class='ocrx_word' id='word_1_377' title='bbox 1903 2212 1980 2262; x_wconf 78' lang='lat' dir='ltr'>eos</span> <span class='ocrx_word' id='word_1_378' title='bbox 2004 2231 2098 2261; x_wconf 89' lang='lat' dir='ltr'>non</span> <span class='ocrx_word' id='word_1_379' title='bbox 2117 2214 2171 2262; x_wconf 81' lang='lat' dir='ltr'>o·-</span> 
     </span>
    </p>

    <p class='ocr_par' dir='ltr' id='par_1_29' title="bbox 375 2234 2171 2345">
     <span class='ocr_line' id='line_1_35' title="bbox 375 2234 2171 2345; baseline 0 -18"><span class='ocrx_word' id='word_1_380' title='bbox 375 2289 379 2292; x_wconf 80' lang='grc'><strong>’</strong></span> <span class='ocrx_word' id='word_1_381' title='bbox 407 2279 579 2327; x_wconf 85' lang='lat' dir='ltr'>mnibus</span> <span class='ocrx_word' id='word_1_382' title='bbox 598 2280 727 2326; x_wconf 88' lang='lat' dir='ltr'>bonis</span> <span class='ocrx_word' id='word_1_383' title='bbox 739 2280 997 2343; x_wconf 78' lang='lat' dir='ltr'>dignissimos</span> <span class='ocrx_word' id='word_1_384' title='bbox 1012 2278 1219 2344; x_wconf 83' lang='lat' dir='ltr'>judicare.</span> <span class='ocrx_word' id='word_1_385' title='bbox 1255 2284 1402 2345; x_wconf 78' lang='lat' dir='ltr'>Qare</span> <span class='ocrx_word' id='word_1_386' title='bbox 1417 2278 1518 2324; x_wconf 91' lang='lat' dir='ltr'>illud</span> <span class='ocrx_word' id='word_1_387' title='bbox 1533 2280 1575 2324; x_wconf 89' lang='lat' dir='ltr'>in</span> <span class='ocrx_word' id='word_1_388' title='bbox 1585 2280 1730 2343; x_wconf 86' lang='lat' dir='ltr'>primis</span> <span class='ocrx_word' id='word_1_389' title='bbox 1751 2234 1870 2341; x_wconf 55' lang='lat' dir='ltr'>{Esto</span> <span class='ocrx_word' id='word_1_390' title='bbox 1887 2296 1999 2344; x_wconf 88' lang='lat' dir='ltr'>opus</span> <span class='ocrx_word' id='word_1_391' title='bbox 2017 2277 2171 2335; x_wconf 80' lang='lat' dir='ltr'>effe‚ne</span> 
     </span>
    </p>

    <p class='ocr_par' dir='ltr' id='par_1_30' title="bbox 130 2342 2233 2739">
     <span class='ocr_line' id='line_1_36' title="bbox 154 2342 2171 2409; baseline -0.004 -10"><span class='ocrx_word' id='word_1_392' title='bbox 154 2362 246 2402; x_wconf 62' lang='lat' dir='ltr'>uvis</span> <span class='ocrx_word' id='word_1_393' title='bbox 262 2360 376 2398; x_wconf 70' lang='lat' dir='ltr'>decre·</span> <span class='ocrx_word' id='word_1_394' title='bbox 410 2344 607 2392; x_wconf 85' lang='lat' dir='ltr'>homines</span> <span class='ocrx_word' id='word_1_395' title='bbox 629 2378 643 2399; x_wconf 93' lang='lat'>‚</span> <span class='ocrx_word' id='word_1_396' title='bbox 662 2344 838 2409; x_wconf 86' lang='lat' dir='ltr'>quaudo</span> <span class='ocrx_word' id='word_1_397' title='bbox 857 2361 907 2389; x_wconf 83' lang='lat' dir='ltr'>ex</span> <span class='ocrx_word' id='word_1_398' title='bbox 918 2344 998 2390; x_wconf 86' lang='lat' dir='ltr'>hac</span> <span class='ocrx_word' id='word_1_399' title='bbox 1016 2347 1103 2392; x_wconf 82' lang='lat' dir='ltr'>vita</span> <span class='ocrx_word' id='word_1_400' title='bbox 1111 2343 1191 2396; x_wconf 80' lang='lat' dir='ltr'>fint</span> <span class='ocrx_word' id='word_1_401' title='bbox 1215 2344 1452 2408; x_wconf 83' lang='lat' dir='ltr'>migraturi,</span> <span class='ocrx_word' id='word_1_402' title='bbox 1463 2342 1730 2408; x_wconf 83' lang='lat' dir='ltr'>praesentiant</span> <span class='ocrx_word' id='word_1_403' title='bbox 1750 2364 1762 2392; x_wconf 71' lang='grc' dir='ltr'><strong><em>ι</em></strong></span> <span class='ocrx_word' id='word_1_404' title='bbox 1783 2348 1903 2408; x_wconf 83' lang='lat' dir='ltr'>cujus</span> <span class='ocrx_word' id='word_1_405' title='bbox 1913 2345 1973 2390; x_wconf 91' lang='lat' dir='ltr'>rei</span> <span class='ocrx_word' id='word_1_406' title='bbox 1990 2349 2171 2391; x_wconf 80' lang='lat' dir='ltr'>Prome-</span> 
     </span>
     <span class='ocr_line' id='line_1_37' title="bbox 157 2404 2233 2473; baseline 0 -16"><span class='ocrx_word' id='word_1_407' title='bbox 157 2426 233 2452; x_wconf 75' lang='lat' dir='ltr'>rum</span> <span class='ocrx_word' id='word_1_408' title='bbox 250 2416 291 2452; x_wconf 78' lang='lat' dir='ltr'>de</span> <span class='ocrx_word' id='word_1_409' title='bbox 307 2415 388 2451; x_wconf 76' lang='lat' dir='ltr'>am·-</span> <span class='ocrx_word' id='word_1_410' title='bbox 413 2410 520 2458; x_wconf 89' lang='lat' dir='ltr'>theo</span> <span class='ocrx_word' id='word_1_411' title='bbox 538 2407 620 2455; x_wconf 87' lang='lat' dir='ltr'>fuit</span> <span class='ocrx_word' id='word_1_412' title='bbox 646 2408 899 2459; x_wconf 81' lang='lat' dir='ltr'>demandata</span> <span class='ocrx_word' id='word_1_413' title='bbox 914 2410 1150 2473; x_wconf 80' lang='lat' dir='ltr'>provincia.</span> <span class='ocrx_word' id='word_1_414' title='bbox 1185 2407 1441 2462; x_wconf 86' lang='lat' dir='ltr'>Deinde,ut</span> <span class='ocrx_word' id='word_1_415' title='bbox 1458 2409 1624 2456; x_wconf 69' lang='lat' dir='ltr'>cunstis</span> <span class='ocrx_word' id='word_1_416' title='bbox 1651 2409 1780 2456; x_wconf 82' lang='lat' dir='ltr'>rebus</span> <span class='ocrx_word' id='word_1_417' title='bbox 1799 2409 2021 2473; x_wconf 88' lang='lat' dir='ltr'>corporeis</span> <span class='ocrx_word' id='word_1_418' title='bbox 2039 2404 2171 2458; x_wconf 78' lang='lat' dir='ltr'>exsuti</span> <span class='ocrx_word' id='word_1_419' title='bbox 2226 2406 2233 2409; x_wconf 19' lang='lat' dir='ltr'>i</span> 
     </span>
     <span class='ocr_line' id='line_1_38' title="bbox 157 2469 2170 2545; baseline 0.002 -28"><span class='ocrx_word' id='word_1_420' title='bbox 157 2471 221 2529; x_wconf 49' lang='lat' dir='ltr'>¹⁷⁷ss</span> <span class='ocrx_word' id='word_1_421' title='bbox 231 2469 385 2517; x_wconf 75' lang='lat' dir='ltr'>judisan·</span> <span class='ocrx_word' id='word_1_422' title='bbox 414 2474 625 2545; x_wconf 63' lang='lat' dir='ltr'>judicibus</span> <span class='ocrx_word' id='word_1_423' title='bbox 640 2470 680 2520; x_wconf 87' lang='lat' dir='ltr'>se</span> <span class='ocrx_word' id='word_1_424' title='bbox 698 2472 837 2521; x_wconf 75' lang='lat' dir='ltr'>sistant</span> <span class='ocrx_word' id='word_1_425' title='bbox 860 2504 873 2524; x_wconf 89' lang='lat'>,</span> <span class='ocrx_word' id='word_1_426' title='bbox 897 2473 1021 2537; x_wconf 86' lang='lat' dir='ltr'>qui&amp;</span> <span class='ocrx_word' id='word_1_427' title='bbox 1039 2490 1226 2536; x_wconf 85' lang='lat' dir='ltr'>corpore</span> <span class='ocrx_word' id='word_1_428' title='bbox 1236 2488 1406 2531; x_wconf 85' lang='lat' dir='ltr'>careant</span> <span class='ocrx_word' id='word_1_429' title='bbox 1422 2492 1435 2530; x_wconf 82' lang='lat'><em>3</em></span> <span class='ocrx_word' id='word_1_430' title='bbox 1453 2475 1566 2521; x_wconf 86' lang='lat' dir='ltr'>itaut</span> <span class='ocrx_word' id='word_1_431' title='bbox 1575 2475 1719 2521; x_wconf 87' lang='lat' dir='ltr'>animis</span> <span class='ocrx_word' id='word_1_432' title='bbox 1737 2489 1902 2521; x_wconf 82' lang='lat' dir='ltr'>tantum</span> <span class='ocrx_word' id='word_1_433' title='bbox 1911 2474 2077 2522; x_wconf 80' lang='lat' dir='ltr'>animos</span> <span class='ocrx_word' id='word_1_434' title='bbox 2088 2489 2170 2521; x_wconf 84' lang='lat' dir='ltr'>nu-</span> 
     </span>
     <span class='ocr_line' id='line_1_39' title="bbox 130 2522 2170 2612; baseline -0.002 -23"><span class='ocrx_word' id='word_1_435' title='bbox 130 2540 133 2541; x_wconf 56' lang='grc'>’</span> <span class='ocrx_word' id='word_1_436' title='bbox 157 2522 223 2561; x_wconf 55' lang='lat'>⁸⁴⁸³·</span> <span class='ocrx_word' id='word_1_437' title='bbox 414 2541 498 2589; x_wconf 86' lang='lat' dir='ltr'>dos</span> <span class='ocrx_word' id='word_1_438' title='bbox 518 2544 745 2604; x_wconf 84' lang='lat' dir='ltr'>&amp;apertos</span> <span class='ocrx_word' id='word_1_439' title='bbox 762 2552 934 2587; x_wconf 84' lang='lat' dir='ltr'>cernant</span> <span class='ocrx_word' id='word_1_440' title='bbox 960 2556 970 2583; x_wconf 63' lang='grc' dir='ltr'><em>ε</em></span> <span class='ocrx_word' id='word_1_441' title='bbox 994 2552 1122 2601; x_wconf 83' lang='lat' dir='ltr'>atque</span> <span class='ocrx_word' id='word_1_442' title='bbox 1148 2539 1205 2583; x_wconf 88' lang='lat' dir='ltr'>ita</span> <span class='ocrx_word' id='word_1_443' title='bbox 1219 2533 1342 2584; x_wconf 76' lang='lat' dir='ltr'>facile</span> <span class='ocrx_word' id='word_1_444' title='bbox 1357 2537 1517 2600; x_wconf 87' lang='lat' dir='ltr'>justum</span> <span class='ocrx_word' id='word_1_445' title='bbox 1540 2537 1754 2601; x_wconf 83' lang='lat' dir='ltr'>judicium</span> <span class='ocrx_word' id='word_1_446' title='bbox 1773 2537 1973 2587; x_wconf 89' lang='lat' dir='ltr'>futurum.</span> <span class='ocrx_word' id='word_1_447' title='bbox 1999 2531 2170 2612; x_wconf 59' lang='lat' dir='ltr'>Qamss</span> 
     </span>
     <span class='ocr_line' id='line_1_40' title="bbox 414 2601 2171 2667; baseline -0.001 -15"><span class='ocrx_word' id='word_1_448' title='bbox 414 2605 569 2652; x_wconf 81' lang='lat' dir='ltr'>obrem</span> <span class='ocrx_word' id='word_1_449' title='bbox 589 2604 779 2659; x_wconf 88' lang='lat' dir='ltr'>decrevi,</span> <span class='ocrx_word' id='word_1_450' title='bbox 793 2603 951 2667; x_wconf 86' lang='lat' dir='ltr'>inquit,</span> <span class='ocrx_word' id='word_1_451' title='bbox 970 2617 1015 2648; x_wconf 89' lang='lat' dir='ltr'>ut</span> <span class='ocrx_word' id='word_1_452' title='bbox 1026 2620 1075 2648; x_wconf 86' lang='lat' dir='ltr'>ex</span> <span class='ocrx_word' id='word_1_453' title='bbox 1084 2603 1191 2648; x_wconf 90' lang='lat' dir='ltr'>meis</span> <span class='ocrx_word' id='word_1_454' title='bbox 1201 2603 1296 2648; x_wconf 80' lang='lat' dir='ltr'>filiis</span> <span class='ocrx_word' id='word_1_455' title='bbox 1308 2601 1396 2648; x_wconf 89' lang='lat' dir='ltr'>duo</span> <span class='ocrx_word' id='word_1_456' title='bbox 1414 2601 1513 2648; x_wconf 83' lang='lat' dir='ltr'>Afia</span> <span class='ocrx_word' id='word_1_457' title='bbox 1524 2602 1699 2650; x_wconf 86' lang='lat' dir='ltr'>oriundi</span> <span class='ocrx_word' id='word_1_458' title='bbox 1714 2639 1727 2655; x_wconf 95' lang='lat'>,</span> <span class='ocrx_word' id='word_1_459' title='bbox 1754 2606 1905 2652; x_wconf 88' lang='lat' dir='ltr'>Minos</span> <span class='ocrx_word' id='word_1_460' title='bbox 1922 2601 2103 2654; x_wconf 81' lang='lat' dir='ltr'>scilicet,</span> <span class='ocrx_word' id='word_1_461' title='bbox 2124 2607 2171 2650; x_wconf 57' lang='grc' dir='ltr'><strong>ἃ</strong></span> 
     </span>
     <span class='ocr_line' id='line_1_41' title="bbox 401 2663 2167 2739; baseline -0.004 -18"><span class='ocrx_word' id='word_1_462' title='bbox 401 2669 763 2721; x_wconf 70' lang='lat' dir='ltr'>Rhadamanthus</span> <span class='ocrx_word' id='word_1_463' title='bbox 781 2663 1003 2732; x_wconf 78' lang='lat' dir='ltr'>,unusque</span> <span class='ocrx_word' id='word_1_464' title='bbox 1021 2668 1202 2731; x_wconf 79' lang='lat' dir='ltr'>Europa</span> <span class='ocrx_word' id='word_1_465' title='bbox 1234 2700 1250 2724; x_wconf 89' lang='lat'>,</span> <span class='ocrx_word' id='word_1_466' title='bbox 1284 2669 1437 2715; x_wconf 76' lang='lat' dir='ltr'>AEacus</span> <span class='ocrx_word' id='word_1_467' title='bbox 1453 2674 1634 2718; x_wconf 76' lang='lat' dir='ltr'>vocatus</span> <span class='ocrx_word' id='word_1_468' title='bbox 1651 2702 1666 2729; x_wconf 91' lang='lat'>,</span> <span class='ocrx_word' id='word_1_469' title='bbox 1685 2685 1847 2739; x_wconf 61' lang='lat' dir='ltr'>cuinex</span> <span class='ocrx_word' id='word_1_470' title='bbox 1863 2667 1942 2716; x_wconf 80' lang='lat' dir='ltr'>hac</span> <span class='ocrx_word' id='word_1_471' title='bbox 1970 2669 2055 2720; x_wconf 80' lang='lat' dir='ltr'>vita</span> <span class='ocrx_word' id='word_1_472' title='bbox 2083 2667 2167 2714; x_wconf 87' lang='lat' dir='ltr'>mi-</span> 
     </span>
    </p>
   </div>
   <div class='ocr_carea' id='block_1_3' title="bbox 2071 2748 2258 2797">
    <p class='ocr_par' dir='ltr' id='par_1_31' title="bbox 2071 2748 2258 2797">
     <span class='ocr_line' id='line_1_42' title="bbox 2071 2748 2258 2797; baseline -0.011 -10"><span class='ocrx_word' id='word_1_473' title='bbox 2071 2748 2173 2797; x_wconf 67' lang='lat' dir='ltr'>gra.-</span> <span class='ocrx_word' id='word_1_474' title='bbox 2255 2784 2258 2785; x_wconf 10' lang='grc' dir='ltr'><em>γ</em></span> 
     </span>
    </p>
   </div>
  </div>
 </body>
</html>
