2279 2938
373 123 454 173 1⁶2:
769 102 1106 180 nubitum
1145 110 1295 182 {Qu
1333 110 1422 162 AB
1481 108 1796 195 ANTIQr

374 202 574 253 effluente
591 213 698 267 aqua
716 198 995 266 praeferebant
1010 199 1132 264 quod
1150 196 1264 246 forte
1277 197 1468 263 quaedam
1500 198 1672 249 Cereris
1688 191 2143 252 sacrificiaixinueba-t}
2206 209 2210 214 '

121 278 324 320 cemma-
377 268 493 317 diua
505 271 677 317 Cereris
690 267 845 330 nuptiae
861 299 875 320 ,
892 264 973 312 ubi·
981 266 1134 311 vinum
1149 280 1239 310 non
1251 263 1534 309 adhibebatur
1547 297 1558 314 ‚
1578 277 1731 310 contra
1740 262 1919 326 atquein
1940 263 2122 311 aliorum

115 336 216 387 μέτε.
376 335 578 382 Deorum
597 329 805 378 sacrificiis
814 327 1200 380 fier'rconsueverat
1217 348 1228 375 :
1245 325 1372 389 quod
1396 327 1607 390 fignificat
1624 326 1796 374 Plautus
1815 327 1858 372 in
1876 325 2022 373 Aulul.
2034 330 2122 374 Sta.
2141 352 2143 355 ·

378 399 566 449 Cererin’
591 393 866 443 strobilehas
881 392 1034 440 faeturi
1053 393 1256 453 nuptias?
1276 390 1418 439 Strob.
1441 393 1533 455 Qu
1553 397 1572 437 ἓ
1604 394 1686 439 Sta.
1713 391 1834 457 Qia
1851 389 2139 436 temeti-nihil¹

377 464 548 509 allatum
558 458 766 524 intelligo.
800 457 946 506 Potest
955 455 1019 503 sus
1038 459 1191 505 Cereri
1203 455 1376 520 adjungi
1390 489 1405 510 ,
1420 468 1640 519 tamquam
1653 456 1827 519 propria
1836 457 1926 516 ejus
1932 453 2123 510 yistima.

124 535 332 575 vammum
378 527 514 575 Ratio
532 533 637 574 vero
647 540 723 572 cur
745 522 834 570 aliis
852 523 954 570 Diis
970 521 1055 568 aliae
1070 522 1252 568 victimae
1270 521 1578 574 mactarentur,
1599 519 1659 567 est
1671 523 1793 582 juxta
1817 520 2011 568 Servium
2032 534 2125 565 nou

121 589 285 642 divtrsae·
376 606 542 638 tantum
559 592 606 636 in
623 584 941 637 consenfionem
956 582 1181 632 referenda
1195 618 1209 640 ‚
1227 601 1356 649 quam
1365 582 1506 631 bellua
1520 584 1661 648 aliqua
1669 600 1768 632 cum
1777 582 1924 648 aliquo
1936 581 2037 628 Deo
2045 581 2129 629 ha·

379 655 455 702 bet
469 688 483 709 ‚
502 652 571 702 sed
589 654 715 701 etiam
731 649 856 717 quod
866 649 1058 714 quaedam
1073 651 1181 696 inter
1191 666 1268 696 eos
1284 650 1504 696 inimicitia
1515 647 1689 696 exsistat.
1754 649 1936 711 Hacque
1952 645 2009 693 de
2025 663 2127 694 cau-
2143 665 2146 670 ·

381 716 420 766 sa
435 720 477 765 in
496 720 668 772 Cereris
693 714 902 763 sacrificiis
918 712 1034 761 suem
1048 710 1290 759 adhibitum
1300 713 1447 759 dicunt
1472 732 1486 768 ;
1521 710 1647 776 quod
1655 710 1811 759 scilicet
1829 712 1938 758 Deae
1956 725 2144 776 gratume

125 794 189 827 sm
205 801 265 828 cur
288 791 354 826 ce·
381 779 482 830 esset
495 779 689 829 futurum
703 779 990 844 spe-&aculum
1005 810 1016 828 ‚
1029 776 1058 823 fi
1077 778 1274 823 inimicus
1286 774 1343 822 ad
1366 774 1499 840 pedes
1517 781 1608 839 eJus
1625 791 1823 824 mortuus
1840 781 2027 838 jaceret.
2051 778 2142 839 qui·

124 848 193 881 rm·
201 842 355 885 ‘'m‘'bu·
382 863 474 894 non
486 843 623 893 solum
631 843 791 910 segetes
801 841 997 897 vastaret,
1011 838 1080 889 sed
1091 846 1133 889 &
1145 855 1254 888 terra
1269 841 1378 888 rictu
1389 838 1562 896 defossa,
1573 837 1727 898 semina
1742 837 1828 906 ipia
1838 854 2022 890 voraret.
2042 841 2129 887 Ea-

124 906 197 943 m‘·
381 912 481 959 dem
496 925 675 975 quoque
689 910 854 956 ratione
863 905 1012 954 Bacho
1029 921 1155 970 caper
1169 903 1475 952 immolabatur
1490 938 1505 961 ‚
1532 920 1580 953 ut
1605 904 1745 953 bellua
1760 905 1942 955 maxime
1965 904 2142 951 vitibus³

382 971 566 1023 adversa.
591 972 809 1022 Nonnulli
831 971 1060 1035 opinantur
1079 983 1245 1034 gratum
1262 965 1343 1015 esse
1360 970 1512 1017 Cereri
1524 967 1606 1017 suis
1630 968 1879 1017 sacrificium
1898 1002 1912 1025 ,
1947 982 2143 1036 propter>

382 1040 641 1092 maximum,
665 1038 740 1100 qui
755 1035 930 1084 estinter
945 1051 1022 1082 eos
1034 1031 1289 1080 consensum
1306 1051 1317 1079 t
1351 1049 1401 1080 ea
1416 1036 1534 1080 enim
1551 1034 1610 1081 est
1618 1033 1811 1082 terrestre
1828 1050 1988 1081 numen
2003 1067 2017 1088 ,
2028 1051 2128 1082 cum

382 1108 538 1152 terram
557 1100 765 1166 significet
780 1119 793 1154 ς
811 1097 876 1146 sus
897 1100 1022 1146 etiam
1032 1095 1546 1162 semperhumivolutatur
1563 1117 1578 1154 ;
1613 1115 1658 1145 ut
1675 1099 1904 1163 plurimum
1920 1098 1978 1146 est
1989 1100 2030 1145 ni
2065 1115 2126 1154 er,

382 1167 489 1216 sicut
499 1172 543 1215 ὃ(
554 1181 665 1213 terra
672 1165 734 1228 est
742 1162 812 1210 sua
827 1178 976 1210 natura
991 1163 1110 1228 nigra
1127 1178 1253 1226 atque
1279 1178 1414 1225 opaca
1430 1181 1441 1209 ε
1459 1160 1547 1209 haec
1557 1176 1756 1226 praeterea
1767 1162 1906 1209 bellua
1930 1117 2143 1225 praecfare·

382 1246 503 1280 terrae
526 1228 856 1278 foecunditatem
874 1227 1113 1276 adumbrat.
1180 1231 1328 1290 Itaque
1343 1226 1556 1273 interdum
1579 1229 1731 1274 Cereri
1749 1227 1883 1290 porca
1905 1234 2143 1291 praegnana
2196 1246 2202 1249 ·

386 1295 625 1344 caedebatur
631 1313 645 1351 ς
671 1310 770 1340 nam
787 1290 1003 1357 calegitur
1019 1291 1072 1338 ad
1088 1291 1234 1354 viginti
1256 1290 1388 1337 foetus
1404 1306 1496 1337 uno
1513 1305 1635 1354 partu
1664 1288 1898 1355 profudisse
1916 1309 1928 1338 ε
1958 1291 2144 1356 triginta*

388 1376 437 1406 ea
446 1376 585 1424 porca
599 1371 843 1422 pepererat,
855 1373 949 1422 quae
965 1360 1105 1405 AEneae
1117 1357 1159 1402 in
1183 1356 1355 1403 Tiberis
1379 1354 1777 1419 ripaprodigiiloco
1788 1352 1869 1402 visa
1878 1353 1937 1404 est
1952 1388 1966 1410 ,
1977 1360 2144 1419 quem-'t

385 1420 842 1485 admodumVirgilius
860 1419 998 1468 refert.
1024 1419 1154 1467 Aliud
1204 1433 1352 1482 uoque
1377 1421 1548 1466 Cereris
1574 1420 1844 1466 simulacrum
1867 1421 1912 1467 in
1943 1421 2145 1468 Arcadia*

386 1486 618 1542 visebatur,
637 1486 741 1533 sicut
750 1482 1134 1532 refertpausanias:
1159 1438 1234 1531 ulai
1251 1487 1384 1534 Ceres
1409 1482 1492 1548 ipsa
1516 1481 1653 1531 facem
1673 1482 1847 1532 dextera
1862 1481 2144 1549 praeferebat‚-

387 1553 532 1600 lavam
549 1553 677 1598 'Herae
694 1548 953 1596 admovebat
966 1550 1077 1609 (erat
1093 1547 1182 1595 haec
1198 1553 1242 1596 &
1265 1547 1482 1595 Arcadum
1492 1550 1614 1604 Dea,
1641 1565 1770 1613 quam
1787 1549 1983 1611 Neptuni
2002 1564 2144 1614 atque·

148 1657 151 1660 .
215 1658 221 1663 ,
242 1671 245 1676 ‚
386 1617 557 1664 Cereris
571 1615 705 1662 filiam
721 1613 1036 1668 existimabant3
1053 1614 1151 1659 licet
1166 1617 1209 1661 &
1222 1610 1271 1659 id
1279 1614 1600 1660 nomen'Cereri
1617 1630 1794 1678 quoque
1803 1613 1856 1660 ab
1873 1612 2131 1665 Arcadibus,

133 1686 237 1719 ΗΜ·
265 1695 268 1697 ’
385 1678 748 1745 ficut&Ju110nia
759 1679 926 1725 Graecis
940 1675 1067 1725 fuerit
1084 1677 1297 1724 tributum
1313 1677 1334 1740 )
1347 1679 1464 1724 Hera
1475 1674 1684 1742 sceptrum
1695 1683 1737 1725 ὃ(
1748 1695 1819 1725 vas
1830 1710 1843 1731 ,
1855 1694 1948 1742 quae
1959 1677 2061 1725 cista
2069 1677 2132 1725 di·
2202 1684 2220 1699 ⁵

387 1743 707 1808 citur—,genibus
718 1739 954 1790 sustinebat.
988 1743 1146 1790 Narrat
1189 1758 1244 1788 uo
1284 1757 1336 1788 ue
1346 1740 1561 1789 Pausanias
1576 1741 1737 1791 ibidem
1754 1774 1768 1795 ,
1789 1743 1997 1789 Cererem
2012 1739 2133 1790 fuiss'e

136 1796 235 1851 ΨΜ
253 1794 363 1842 f'yn‘
387 1821 673 1871 nuncupatam
699 1807 894 1869 Erinnyn
917 1839 930 1860 ,
955 1806 1018 1852 ob
1048 1805 1149 1868 huju
1169 1806 1242 1852 mo
1281 1804 1467 1853 iscilicet
1491 1804 1655 1852 causam
1687 1825 1699 1853 z
1733 1806 1989 1869 Neptunum
2012 1811 2141 1870 ajunt⁴

133 1857 279 1935 {isram
290 1898 335 1929 E-
389 1874 572 1926 Cereri,
603 1870 703 1916 dum
721 1871 789 1916 illa
799 1885 941 1916 errans
957 1902 971 1924 ,
992 1869 1126 1917 filiam
1143 1885 1351 1934 quaereret
1363 1903 1379 1926 ,
1405 1873 1495 1933 ejus
1511 1886 1658 1917 amore
1667 1885 1841 1934 captum
1858 1906 1869 1923 ‚
1886 1871 2035 1919 vitium
2059 1868 2134 1918 of-

133 1963 243 2003 quam
261 1958 338 1984 con·
386 1935 496 1983 ferre
524 1948 730 1983 conatum
746 1954 759 1981 ι
791 1932 866 1980 sed
879 1950 978 1981 cum
993 1935 1035 1980 in
1045 1950 1201 1996 equam
1218 1932 1259 1981 se
1277 1937 1376 1981 Dea
1393 1932 1576 1993 vertisset
1585 1953 1608 1989 ‚·
1633 1939 1677 1983 δι
1696 1934 1749 1980 ad
1768 1936 1961 1983 Oncium
1993 1935 2134 2000 gregi-

135 2003 249 2053 verpa.
388 2002 468 2047 bus
487 1997 681 2064 permista
696 1995 904 2062 pasceret,
915 1999 1170 2061 Neptunum
1180 2013 1270 2044 non
1286 1996 1435 2044 fefellit
1451 2017 1466 2054 3
1483 2014 1582 2044 nam
1598 2003 1641 2047 &
1658 1995 1746 2063 ipse
1759 2000 1803 2045 in
1819 2015 1981 2063 equum
1991 2014 2134 2046 muta-

134 2061 312 2118 lss‘P'u'm‘
388 2079 478 2118 tus,
493 2079 584 2110 eam
594 2061 867 2126 compressit:
886 2062 1279 2126 quodillaprimum
1288 2061 1490 2110 iracunde
1506 2063 1632 2110 tulit:
1649 2077 1797 2111 verum
1820 2062 1967 2128 postea
1990 2063 2135 2127 placa-

137 2114 325 2199 'nfq'x's'
390 2127 520 2175 bilior
532 2124 639 2173 facta
648 2161 659 2178 ,
671 2121 808 2172 lavisse
825 2125 1034 2172 dicitur-in
1046 2125 1235 2172 [adone.
1270 2127 1551 2198 Cognomina
1559 2127 1703 2192 itaque
1713 2128 1938 2183 attributa,
1949 2128 2139 2192 Erinnys·

135 2176 175 2202 ⁶⁰
188 2176 247 2199 ,ve
259 2162 294 2213 s
325 2189 333 2197 ⁶
394 2190 563 2239 averbo
581 2223 594 2244 ,
612 2187 886 2253 quodfurere
896 2189 1136 2237 Arcadibus
1154 2189 1212 2237 est
1221 2217 1242 2244 ,-
1272 2193 1507 2238 Lunavero
1523 2225 1538 2247 ‚
1563 2190 1736 2255 quodie
1750 2192 1792 2238 in
1802 2190 1977 2239 flumine
2010 2191 2144 2239 ablu-

138 2273 237 2309 ceres
251 2266 373 2318 Nigra.
398 2252 498 2306 iffet.
525 2254 642 2300 Hinc
666 2255 795 2299 etiam
817 2252 980 2301 fafium
996 2253 1079 2308 est,
1103 2256 1296 2302 utCeres
1311 2255 1448 2318 Nigra
1459 2257 1739 2319 appellaretur
1752 2288 1767 2309 ‚
1787 2272 1966 2322 propter
1975 2255 2143 2305 vestemY

387 2319 594 2371 “videlicet
610 2318 772 2382 nigram
788 2349 802 2369 ,
828 2333 1060 2379 quamtum
1069 2318 1126 2365 ita
1135 2320 1186 2365 in
1197 2319 1453 2382 Neptunum
1463 2353 1475 2370 ‚
1492 2320 1714 2367 tumluclu
1730 2318 1785 2368 de
1795 2320 2054 2385 Proserpinae
2069 2337 2139 2368 ra-

402 2399 480 2450 ptu
492 2396 762 2430 commotam
773 2376 980 2445 sumpsiffe
997 2381 1198 2444 ajebant:
1228 2385 1418 2448 itemque
1431 2385 1504 2440 ,in
1518 2381 1690 2449 specum
1714 2401 1811 2433 cum
1826 2382 1868 2433 se
1890 2382 2143 2444 abdidisset,<

401 2446 479 2495 diu
496 2448 635 2494 lucem
651 2441 796 2494 vitaffe.
809 2445 895 2492 :ita
909 2461 1013 2492 vero
1037 2443 1261 2501 accidisse,
1277 2463 1326 2503 ut
1342 2481 1358 2503 ,
1373 2465 1474 2495 cum
1490 2465 1641 2498 omnes
1653 2482 1665 2500 ‚
1687 2466 1799 2514 quos
1823 2464 1934 2498 terra
1952 2448 2145 2505 educat&

397 2511 564 2561 frue‘tus
576 2523 954 2574 corrumperentur
969 2541 984 2563 ‚
1002 2515 1045 2556 &
1061 2507 1258 2558 homines
1306 2513 1424 2559 affim-
1437 2513 1562 2577 postis
1585 2513 1842 2570 conficeret,
1859 2516 1959 2563 Diis
1977 2514 2140 2562 caeteris

392 2576 576 2623 latebras
593 2573 892 2639 ignorantibus
905 2606 920 2624 ‚
939 2578 1050 2621 Pana
1059 2590 1134 2637 per
1143 2529 1339 2623 Arcacliae
1354 2591 1525 2623 montes
1536 2578 1646 2624 inter
1653 2577 1898 2626 venandum
1907 2592 2138 2634 errantem,—

393 2656 495 2687 cum
505 2640 558 2686 ad
574 2634 923 2686 Elaiumveniffet
932 2671 947 2693 ‚
970 2637 1031 2685 ibi
1049 2641 1256 2686 Cererem
1267 2636 1491 2688 offendiss'e
1500 2674 1514 2695 ‚
1526 2640 1595 2688 tali
1613 2657 1712 2690 cum
1738 2645 1895 2692 ornatu
1904 2649 1952 2699 84
1963 2641 2146 2691 vestitur

386 2707 569 2772 Jovem,
589 2718 636 2753 re
656 2703 1071 2762 denvanisoratione,
1087 2704 1260 2770 cognita
1283 2737 1298 2764 ,
1316 2709 1466 2756 Parcas
1487 2703 1637 2757 mififfe
1662 2726 1674 2754 s
1710 2705 1870 2773 quibus
1902 2707 2140 2820 deprecgn·
2163 2772 2167 2775 Δ

494 2798 496 2801 f
1862 2781 1880 2784 “’
2022 2785 2057 2821 u
2089 2786 2142 2823 us
