2279 2938
392 108 461 171 ⁷3
746 102 1080 155 aeonum,
1124 70 1263 170 Qi‘r
1299 101 1389 149 AB
1444 101 1731 168 ANTIQ

395 188 610 239 cudendis
629 208 639 237 π
656 188 854 251 jurabant
877 190 993 236 enim
1008 183 1421 248 ‚exsecrationesque
1438 184 1642 247 quasdam
1653 183 1910 250 super-porca
1920 184 2141 248 concipie-

394 255 522 311 bant,
533 252 803 320 praesentibus
813 249 1042 316 fecialibus.
1074 252 1154 298 Sed
1171 252 1546 311 numqui-amenti
1558 251 1705 296 ritibus
1715 249 1895 304 omiffis,
1913 250 1966 294 ad
1976 251 2139 303 Deum,

397 335 530 382 quem
557 319 785 381 juramenti
824 315 1041 382 praesidem
1069 314 1296 367 dicebant,
1320 329 1611 369 revertamur;
1649 312 1764 360 hunc
1806 315 1949 360 Graeci
1978 315 2138 377 jovem

137 393 265 432 uim
278 397 366 433 Πη-
396 383 617 431 Horcium
635 400 658 427 a
721 380 903 427 ellabant
925 413 939 434 ,
958 396 1142 444 eumque
1157 376 1318 425 fulmen
1337 377 1544 425 ambabus
1562 378 1758 424 manibus
1767 392 1983 423 tenentem
2015 375 2145 423 effin«

135 435 225 494 caius,
393 447 554 512 gebant
586 467 597 494 ι
624 399 718 494 δεῖ
724 462 821 492 eum
846 445 1035 491 Romani
1054 444 1171 489 aliter
1193 447 1238 490 &
1262 443 1537 488 nominarunt
1561 476 1575 496 ,
1596 448 1641 490 δε
1665 438 1950 504 expresserunt
1980 461 1993 497 ;
2018 441 2139 487 Licet

391 511 508 560 idem
520 511 685 576 Jupiter
704 510 895 556 Horcius
920 507 1031 571 apud
1056 507 1238 554 Graecos
1263 512 1307 554 &
1331 508 1455 553 Deus
1473 506 1613 553 Fidius
1629 505 1740 571 apud
1751 507 1981 552 Romanos
1991 501 2140 551 secun-

392 577 498 624 dum
520 574 827 622 nonnullorum
845 570 1089 618 sententiam
1105 567 1204 617 esset
1229 591 1241 626 ;
1267 571 1505 618 sicutenim
1521 570 1588 618 illc
1608 574 1851 632 juramento
1874 583 2052 633 praeerat
2067 584 2139 618 ‚ut

391 657 543 688 verum
558 639 799 702 justumque
823 635 923 683 effet
948 655 961 691 ;
979 635 1113 682 itahic
1122 634 1223 682 fidei
1233 632 1442 682 servandae
1458 632 1603 698 praeses
1614 649 1701 681 erat
1716 668 1730 689 ‚
1748 649 1874 698 atque
1887 633 1966 680 hac
1976 633 2027 679 de
2039 648 2140 678 cau·

389 703 433 754 sa
449 703 825 751 divinieihonores
836 699 1158 753 tribuebantur,
1175 696 1243 745 sed
1255 698 1625 763 inantiquitatibus
1645 700 1857 746 Romanis
1872 695 1980 744 Fidii
2006 697 2138 743 simu·

389 771 553 816 lacrum
574 770 634 814 ita
649 763 842 813 effi&um
862 765 1045 811 cernitur
1062 782 1074 818 3
1095 779 1285 808 marmor
1302 761 1362 814 est
1377 765 1421 808 in
1435 760 1622 810 fenestrae
1654 761 1837 810 modum
1874 759 2138 817 formatum,

393 836 438 880 in
464 850 556 897 quo
594 847 682 878 tres
712 831 921 896 Imagines
967 824 1178 891 insculptae
1209 824 1303 889 sunt
1336 859 1352 880 ‚
1393 827 1540 873 dextra
1578 826 1753 892 quidem
1782 827 1908 874 virilis
1936 860 1948 877 ,
1987 825 2139 873 habitu

392 898 575 962 pacifico
591 928 607 950 ,
642 892 798 941 sinistra
821 909 936 940 vero·
954 891 1172 938 muliebris
1202 889 1263 938 est
1277 925 1291 946 ,
1308 891 1465 939 eodem
1483 890 1631 938 habitu
1647 923 1661 946 ,
1694 908 1843 940 coram
1859 893 1906 938 in
1925 892 2061 954 capite
2085 907 2137 937 ex

387 965 512 1010 lauro
538 958 700 1025 gestans
718 991 732 1012 ‚
758 974 851 1021 quae
876 956 1091 1003 dexteram
1111 955 1269 1003 dextrae
1285 957 1428 1019 jungit·
1444 972 1543 1002 cum
1562 959 1704 1020 priore
1717 957 1899 1021 imagine
1930 957 1977 1002 in
1991 953 2137 1002 medio

390 1028 542 1074 barum
567 1022 747 1069 duarum
776 1021 949 1084 ingenui
987 1020 1150 1084 pueruli
1176 1019 1339 1084 effigies
1372 1021 1555 1066 cernitur
1594 1025 1716 1084 cujus
1749 1011 1870 1085 supra
1894 1034 2020 1085 caput
2044 1018 2137 1066 haec

20 1068 228 1144 1¹⁷⁰&
245 1058 309 1097 22,
389 1091 479 1137 duo
514 1088 646 1136 verba
675 1085 872 1150 leguntur
902 1084 1069 1132 FIDEI
1097 1086 1516 1132 SIMULACRUM
1547 1118 1560 1138 ,
1595 1084 1708 1147 apud
1731 1086 1960 1148 imaginem
1991 1083 2140 1139 dexte<

74 1133 163 1186 K„
389 1171 482 1202 ram
512 1153 672 1203 virilem
701 1183 716 1206 ,
759 1150 1002 1198 HONOR
1023 1182 1038 1205 ‚
1062 1150 1105 1196 in
1131 1147 1289 1219 sinistra
1314 1150 1496 1214 imagine
1528 1149 1733 1196 muliebri
1773 1150 1971 1196 VERIT
1973 1151 2044 1206 AS
2075 1147 2137 1195 lc-

502 1282 621 1348 Qia
644 1297 750 1330 vero
777 1280 936 1353 Jovern
967 1278 1143 1344 perjurii
1177 1293 1329 1344 poenas
1359 1295 1511 1341 capere
1546 1277 1860 1326 arbitrabantur
1881 1312 1897 1334 ‚
1933 1276 1978 1323 In
2026 1276 2137 1327 banc
2229 1344 2233 1345 ⁷

393 1345 639 1396 sententiam
671 1343 774 1390 mihi
791 1360 962 1391 nuncin
984 1359 1172 1390 ruentem
1196 1345 1310 1389 venit
1342 1377 1356 1397 ,
1391 1342 1617 1390 dicendum
1642 1377 1655 1397 ,
1692 1360 1791 1390 eum
1812 1354 1920 1390 ‘non
1947 1339 2133 1408 semper,

394 1428 444 1459 ut
460 1407 675 1476 prodesset
693 1407 775 1455 esse
798 1410 958 1455 cultum
984 1443 1000 1464 ‚
1032 1405 1103 1454 sed
1121 1408 1331 1454 interdum
1350 1425 1403 1454 ne
1430 1404 1595 1454 obeffet
1613 1441 1628 1462 ‚
1652 1423 1841 1473 tuncque
1865 1423 1964 1453 eum
1995 1398 2136 1469 VeJ'o-

394 1492 494 1523 vcm
519 1474 772 1539 appellatum
795 1506 809 1527 ‚
844 1471 965 1536 quod
990 1471 1176 1519 nocendi
1201 1474 1288 1517 vim
1314 1471 1471 1518 habere
1496 1471 1748 1518 credebatur
1773 1506 1787 1526 ‚
1821 1469 1947 1535 quod
1973 1477 2015 1519 δι
2042 1475 2134 1533 ejus

394 1537 537 1604 effigie
553 1536 785 1586 ostendunt
808 1571 821 1590 ,
841 1554 941 1582 nam
964 1554 1062 1584 eum
1086 1552 1133 1582 ut
1160 1536 1346 1600 Agellius
1381 1543 1423 1584 δι’
1456 1534 1703 1582 Alexander
1732 1535 2042 1602 Neapolitanus
2068 1553 2138 1582 re-

391 1602 534 1651 ferunt
550 1637 564 1658 ‚
580 1620 758 1667 puerum
782 1599 1037 1648 effinxerunt
1060 1635 1073 1656 ,
1094 1603 1230 1665 capite
1255 1598 1440 1648 cornuto
1458 1634 1472 1655 ‚
1505 1598 1671 1666 sagittas
1694 1599 1890 1651 manibus
1909 1602 2137 1647 contineu-

391 1683 483 1727 tem
504 1701 519 1723 ‚
552 1681 754 1731 tanquam
773 1666 825 1711 ad
848 1666 1092 1712 nocendum
1111 1665 1325 1712 videretur
1344 1663 1423 1711 esse
1447 1681 1616 1730 paratus
1642 1684 1655 1721 ;
1691 1681 1829 1730 prope
1846 1679 1935 1711 erat
1959 1669 2134 1729 Capra;

382 1740 493 1786 *nam
514 1733 557 1778 in
576 1728 729 1777 fabulis
748 1744 861 1777 extat
878 1747 974 1776 eum
990 1764 1003 1784 ‚
1026 1747 1123 1776 cum
1140 1743 1274 1775 mater
1291 1729 1314 1775 a
1336 1729 1563 1776 voracibus
1596 1729 1763 1776 Saturni
1780 1727 1974 1776 faucibus
1998 1730 2136 1793 eripu-

393 1794 484 1843 ifl'et
508 1793 791 1859 alendumque
822 1796 864 1839 in
899 1797 1030 1841 Creta
1064 1792 1228 1839 duabus
1254 1793 1469 1857 Nymphis
1495 1826 1510 1847 ,
1558 1791 1794 1840 Amaltheae
1826 1790 1982 1839 scilicet
2007 1792 2137 1858 atque

393 1858 569 1908 Meliffae
584 1892 600 1913 ‚
631 1860 698 1906 vel
721 1874 768 1905 ut
785 1859 855 1904 alii
882 1859 1026 1905 dicunt
1045 1891 1058 1913 ,
1084 1860 1220 1922 Hagae
1245 1874 1374 1922 atque
1395 1858 1540 1905 Helici
1571 1855 1802 1904 tradidiflet
1827 1891 1841 1912 ‚
1871 1857 1995 1904 melle
2013 1857 2137 1904 acla-

386 1925 464 1971 ,ἃς
484 1924 660 1995 caprino
684 1920 765 1969 effe
781 1925 987 1968 nutritum
1005 1941 1018 1976 ;
1044 1921 1154 1968 hanc
1178 1939 1348 1986 capram
1366 1926 1483 1984 ajunt
1505 1955 1519 1977 ‚
1547 1939 1684 1968 cornu
1708 1922 1853 1968 arbori
1869 1919 2017 1968 illisum
2036 1939 2134 1988 per-

392 1986 558 2051 fregissc
583 2006 593 2033 :
627 1989 733 2032 Hoc
750 1984 1006 2033 muh'erculae
1026 2019 1040 2041 ,
1064 2002 1111 2032 ut
1138 2003 1231 2050 quae
1257 2002 1350 2032 eam
1368 1987 1410 2032 in
1436 1987 1593 2034 deliciis
1616 1985 1824 2033 haberent
1845 2019 1859 2041 ,
1878 1983 2013 2035 tuliffe
2039 2001 2135 2050 qui-

311 2080 321 2087 κ
392 2052 491 2098 dem
530 2049 814 2098 moleffiffime
837 2084 854 2104 ,
895 2055 939 2098 δι
971 2067 1108 2097 cornu
1131 2049 1299 2097 diversis
1318 2049 1500 2096 floribus
1531 2065 1582 2095 ac
1613 2046 1826 2097 fruetibus
1851 2049 2095 2100 referientes
2117 2083 2133 2104 ,

389 2113 573 2226 {omum
598 2112 778 2223 regersas
800 2116 904 2179 Jovi
919 2111 1130 2223 sobtulisse
1155 2147 1168 2164 ‚
1202 2131 1388 2178 eumque
1411 2113 1454 2160 id
1478 2130 1655 2226 muanss
1656 2114 1921 2162 libentissime
1952 2111 2137 2224 exgepis-

319 2209 325 2215 ·
450 2199 460 2208 ·
480 2194 528 2226 ut
559 2196 614 2224 ue
661 2196 684 2224 e
759 2196 894 2225 iterna
936 2195 1034 2223 uam
1058 2194 1273 2224 nutricem
1297 2194 1513 2225 memoria
1577 2196 1597 2224 r
1645 2195 1668 2223 e
1705 2194 1909 2226 iterentur
1977 2197 1989 2224 1
2056 2195 2137 2224 an-

133 2203 355 2259 Comama,
389 2196 763 2290 no,naequenrartt{
803 2242 973 2305 signum
998 2243 1083 2288 esse
1118 2241 1300 2289 voluiss‘e
1340 2262 1352 2290 ε
1393 2259 1532 2306 quare
1544 2195 1859 2308 Peonsslucopiss
1884 2212 2136 2289 interdum-

387 2324 480 2371 que
505 2322 646 2353 cornu
672 2304 911 2356 Amaltheae
927 2339 937 2356 ‚
965 2307 1098 2370 vulgo
1116 2307 1385 2362 vocabatur,
1411 2305 1468 2353 de
1495 2324 1589 2372 quo
1613 2306 1884 2372 Pherecydes
1911 2306 2049 2364 dixit,
2083 2322 2138 2355 ut

387 2369 700 2437 Apollodorus
718 2367 850 2415 refert
867 2403 881 2423 ,
907 2374 1000 2431 ejus
1019 2375 1106 2415 vim
1131 2369 1215 2418 ess'e
1232 2405 1246 2426 ,
1264 2386 1322 2421 ut
1341 2369 1505 2419 affatim
1529 2375 1681 2418 omnia
1703 2370 1762 2417 ad
1777 2369 1956 2421 esum&
1973 2387 2152 2437 potum·

304 2454 310 2456 “
419 2438 647 2483 ertinentia
661 2431 913 2500 suppeditet.
978 2436 1084 2489 Hoc
1103 2433 1220 2481 idem
1234 2452 1380 2485 cornu
1399 2453 1495 2484 non
1510 2452 1648 2501 caprae
1658 2436 1918 2492 Amaltheae,
1951 2435 2023 2485 sed
2038 2442 2134 2501 ejus

381 2454 515 2549 bovis
537 2497 661 2546 fuisse
685 2498 853 2554 fertur,
884 2501 932 2543 in
955 2513 1088 2562 quem
1105 2499 1330 2547 Achelous
1348 2499 1409 2548 est
1425 2498 1652 2550 conversus
1677 2518 1808 2556 ,cum
1832 2518 2011 2550 certaret
2034 2519 2135 2550 etun

384 2563 579 2612 Hercule
595 2564 817 2626 Dejanirae
835 2559 960 2610 causa
983 2597 995 2612 ‚
1020 2579 1116 2626 quae
1132 2563 1156 2609 a
1170 2579 1295 2628 patre
1314 2565 1530 2612 ambobus
1556 2563 1805 2630 desponsata
1822 2582 1912 2614 erat
1931 2601 1948 2623 ‚
1972 2583 2074 2614 nam
2089 2570 2131 2614 ei

384 2646 557 2675 cornua
575 2628 629 2676 ab
646 2627 841 2675 Hercule
857 2625 1035 2674 effi-aeta
1058 2633 1199 2675 Poetae
1215 2626 1463 2675 fabulantur
1477 2663 1489 2681 ,
1519 2643 1647 2694 atque
1671 2635 1715 2677 in
1731 2631 2025 2695 profluentem
2047 2623 2134 2678 ffu-

383 2696 505 2742 vium
531 2693 725 2750 abicam
745 2709 841 2758 quae
864 2690 1052 2745 Naiades
1077 2692 1158 2741 nbi
1187 2690 1456 2759 collegissent
1469 2696 1621 2751 ,variis
1644 2695 1827 2746 floribus
1843 2711 1892 2745 ac
1915 2693 2132 2808 fruCttibus

1979 2777 2026 2809 te
2047 2775 2136 2809 crta
