2279 2938
131 594 304 632 oceanus.

122 1221 273 1258 Proteus.

363 91 468 146 lu*
662 92 669 102 ‘
746 77 1101 131 DEORUM
1148 79 1288 148 QII
1340 79 1437 129 AB
1483 79 1764 148 ANTIQ,
1875 137 1882 144 „

384 165 546 218 scilicet
563 182 747 215 motum.
790 169 1095 243 Quamobrem
1112 167 1309 216 Thessali
1323 168 1606 235 ,Neptunum
1620 171 1741 235 aquis
1756 166 1915 220 exitum
1929 160 2169 238 aperuisse}

385 236 611 288 dicebant,
631 251 723 298 quae
738 232 973 282 universam
991 235 1097 282 olim
1112 232 1375 281 Thessaliam
1390 234 1655 282 inundabant
1679 255 1693 292 3
1725 250 1827 281 nam
1842 238 2004 302 ingenti
2024 232 2170 298 terrae'

389 316 512 347 motu
533 303 635 346 cxcii
647 315 733 351 ato,
746 316 916 347 montes
929 297 1112 354 discidit,
1126 300 1182 345 ita
1192 315 1239 345 ut
1256 301 1363 346 latus
1381 299 1503 348 fieret
1519 304 1664 348 Peneo
1680 298 1850 350 flumini
1869 304 2002 350 exitus
2019 337 2034 358 ,
2059 319 2148 352 ter-

384 361 517 428 raque
549 366 659 411 inter
677 382 847 412 monte-s
857 367 1078 427 interjecta
1096 364 1332 412 commode
1349 363 1527 412 habitari
1570 363 1677 412 osset
1693 384 1704 413 ι
1770 366 1859 412 uod
1872 371 1913 414 δι
1930 368 2147 415 Herodo-
2192 392 2200 401 ·

380 445 449 476 tus
469 429 710 477 confirmat.
745 431 885 494 Qod
902 430 1047 477 dixide
1065 433 1277 494 Neptuno
1289 432 1420 476 Tetri
1456 383 1620 477 uassiore
1636 463 1649 481 ‚
1676 384 1867 494 perclaelle
1900 433 1954 478 ad
1977 433 2148 481 Terrae-

384 509 531 542 motus
543 497 773 560 imaginem
790 497 925 558 aptari
935 493 1073 558 posset
1087 529 1101 549 ,
1113 494 1140 541 si
1154 498 1253 558 quis
1264 511 1359 542 eam
1369 447 1497 542 veilet
1513 493 1733 560 effingere.
2002 538 2007 540 a

447 563 659 625 Imagines
686 562 882 624 Neptuni
908 574 1038 622 atque
1057 561 1226 609 Oceani
1250 575 1343 606 non
1373 560 1558 606 multum
1582 563 1693 606 inter
1717 556 1757 606 se
1775 573 1898 607 erant
1922 559 2149 610 dissimiles.

383 626 519 672 Hunc
547 628 775 673 Oceanum
793 640 955 672 veteres
971 638 1138 687 patrem
1162 625 1367 671 Deorum
1382 625 1578 672 dixerunt
1606 642 1618 668 3
1636 641 1783 689 proco
1801 640 1944 673 autem
1962 643 2052 686 non
2076 622 2147 672 so-

378 688 467 737 lum
486 708 602 737 mare
618 723 631 745 ,
650 690 774 752 quod
786 687 1021 736 universam
1037 703 1194 735 terram
1207 689 1340 737 ambit
1358 724 1371 744 ,
1397 687 1471 736 scd
1486 693 1611 736 etiam
1629 707 1746 754 aquae
1757 690 1955 737 virtutem
1978 691 2147 737 intelle-

378 770 536 802 xerunt
553 789 564 805 ,
591 757 833 819 quamtales
845 756 1044 801 omnium
1063 771 1205 800 rerum
1221 756 1474 818 principium
1490 754 1645 802 statuit.
1677 754 1790 801 Eum
1812 771 1917 819 ergo
1943 755 2146 801 Deorum

378 835 542 884 patrem
562 834 861 884 nuncuparunt
885 838 897 873 ς
924 818 1191 881 Thetimque
1209 835 1391 865 uxorem
1406 822 1446 866 ei
1463 819 1708 866 tribuerunt
1732 838 1747 875 ;
1771 835 1822 865 ex
1842 818 1998 884 quibus
2016 821 2144 877 innu-

377 885 484 931 meri
503 884 823 948 propemodum
842 885 931 931 Dei
954 884 1133 939 marini,
1153 882 1403 939 fluviatiles,
1425 901 1473 931 ae
1490 881 1694 935 fontani,
1720 884 1826 930 item
1844 889 1888 932 δι
1926 883 2144 949 Nymphae

381 946 627 1011 profluxisse
652 947 862 998 feruntur.
896 945 1054 994 Thetis
1069 965 1173 995 vero
1184 946 1559 1014 fingebaturvetus
1573 982 1586 1001 ,
1605 966 1708 995 cana
1725 982 1738 1002 ,
1755 962 1882 1012 atque
1908 947 2008 996 alba
2025 965 2143 996 :eam

378 1018 522 1060 Poetae
540 1029 720 1060 matrem
738 1047 751 1068 ,
777 1028 906 1077 atque
923 1011 1140 1059 venei-and
1160 1029 1226 1057 am
1241 1013 1522 1077 appellabant.
1595 1015 1703 1069 Haec
1715 1029 1800 1060 una
1824 1032 1922 1060 curn
1940 1015 2015 1061 viri
2026 1011 2084 1060 sui
2105 1016 2144 1060 i-

374 1080 541 1142 magine
569 1080 671 1142 poni
683 1077 824 1142 potest
853 1098 863 1122 ε
897 1079 990 1142 qui,
1009 1092 1055 1123 ut
1072 1082 1256 1124 Ioannes
1273 1079 1497 1125 Buccatius
1514 1076 1664 1132 refert,
1683 1080 1727 1124 in
1745 1094 1872 1124 curru
1904 1077 2142 1143 effingeba-

375 1157 447 1188 tur
464 1176 474 1192 ‚
489 1147 510 1189 a
521 1159 710 1205 quatuor
730 1141 910 1191 balanis,
923 1141 998 1206 per
1015 1159 1132 1188 mare
1149 1145 1289 1195 traeto
1310 1157 1432 1189 icum
1449 1144 1658 1190 Tritones
1670 1160 1767 1189 curn
1779 1143 1972 1189 buccinis
1982 1160 2142 1208 praece-

374 1205 536 1254 debant
559 1231 581 1259 ‚·
600 1207 930 1254 circumstabant
951 1207 1163 1271 Nymphae
1181 1241 1194 1263 ‚
1212 1224 1390 1273 magnus
1409 1207 1644 1254 belluarum
1658 1208 1919 1254 marinarum
1936 1224 2142 1256 numerus

370 1268 645 1337 seque-batur,
665 1291 757 1338 qua:
775 1271 850 1318 sub
875 1278 1037 1323 Proteo
1054 1270 1165 1318 duce
1191 1289 1240 1318 ac
1265 1271 1432 1337 pastore
1442 1288 1575 1320 erant.
1614 1274 1702 1319 Hic
1714 1289 1764 1318 ex
1774 1273 1946 1320 marinis
1965 1273 2076 1319 Deis
2093 1287 2142 1319 e·

373 1353 438 1384 rat
457 1371 470 1392 ,
486 1333 568 1401 'qui
582 1352 753 1384 ventura
768 1332 1038 1401 ‘prardicebat
1054 1370 1068 1391 ,
1087 1335 1156 1383 sed
1166 1355 1256 1384 non
1266 1336 1339 1383 nisi
1358 1339 1560 1393 εοαᾶῑιες
1580 1337 1763 1401 eosque,
1782 1338 1856 1401 qui
1871 1336 1950 1384 fibi
1961 1340 2051 1385 vim
2058 1354 2139 1401 paa-

371 1399 524 1447 raffent
540 1437 553 1457 ,
574 1401 795 1449 fraudibus
816 1401 1093 1466 decipiebat,
1112 1403 1244 1448 varias
1275 1399 1455 1449 subinde
1484 1398 1645 1449 formas
1666 1402 1847 1463 induens
1855 1435 1871 1456 ,
1905 1416 1959 1457 ut,
1970 1419 2021 1450 ex
2046 1406 2139 1464 ejus

365 1467 562 1514 manibus
574 1466 822 1514 elaberetur.
888 1471 1037 1532 Qare
1049 1463 1214 1513 necesse
1225 1464 1364 1513 fuera-t
1379 1501 1393 1521 ,
1413 1481 1512 1514 eum
1529 1468 1687 1514 vincire
1706 1499 1720 1520 ,
1740 1482 1789 1511 ac
1806 1465 1972 1514 tamdiu
1990 1468 2138 1515 conti·

366 1547 492 1585 uere,
512 1532 656 1596 quoad
673 1533 714 1578 in
724 1529 942 1596 pristinam
960 1529 1146 1594 figuram
1163 1529 1396 1579 revertisset
1416 1546 1543 1578 :tunc
1563 1527 1811 1577 enimfaeile
1821 1532 1872 1576 ad
1882 1534 2135 1596 interroga-

368 1609 411 1642 ta
427 1595 743 1660 respondebat„
761 1597 837 1642 De
859 1594 948 1642 hoc
966 1595 1196 1643 Diodorus
1207 1594 1361 1651 refert,
1375 1613 1475 1642 eum
1493 1600 1539 1642 in
1556 1611 1738 1661 regnum
1754 1595 1808 1641 ab
1831 1599 2046 1661 AEgyptiis
2060 1597 2137 1644 ad-

363 1657 766 1724 scitum,tamquam
786 1661 1074 1725 quiornnibus
1091 1657 1295 1726 sapientia
1304 1659 1818 1726 antecelleret,perquam
1842 1675 1932 1707 erat
1954 1662 2014 1707 ita
2031 1662 2136 1708 dex·
2179 1665 2185 1671 ’“

366 1739 436 1771 ter
451 1728 493 1771 in
506 1725 690 1772 consiliis
707 1742 788 1789 pro
800 1740 997 1790 ternpore
1016 1726 1251 1790 capiendis,
1265 1740 1313 1772 ut
1328 1743 1377 1772 ea
1386 1724 1467 1773 alia
1476 1743 1525 1772 ex
1538 1725 1626 1771 aliis
1644 1739 1779 1788 prout
1793 1741 1860 1772 res
1869 1726 2133 1788 requirebat,

109 1782 138 1815 Υ
140 1790 251 1818 ''m“
257 1795 274 1818 c
275 1784 356 1820 urin
372 1790 715 1850 commodissime
741 1804 926 1836 mutaret
941 1824 954 1845 ,
980 1805 1109 1856 atque
1125 1791 1224 1838 hinc
1243 1789 1406 1838 fastum
1424 1789 1504 1838 ess'e
1523 1824 1537 1845 ,
1572 1804 1619 1836 ut
1634 1790 1673 1836 se
1691 1790 1739 1836 in
1770 1788 1955 1837 diversas>
1975 1790 2134 1856 figuras

108 1836 317 1886 varrassor-

108 1900 181 1923 mas
196 1901 348 1927 mutare-
365 1918 405 1966 se

409 1953 420 1966 D

106 1952 179 1979 117.

370 1871 621 1903 convertere
640 1855 851 1902 diceretur
876 1875 887 1902 :
923 1853 1183 1922 Qodidem
1203 1870 1293 1902 erat
1307 1871 1398 1911 ,---ac
1416 1856 1446 1902 fi
1459 1852 1677 1905 dixissent,
1699 1871 1796 1901 eum
1808 1853 1911 1901 foro
1921 1850 2133 1903 u-tisciviss

487 1922 632 1967 Graeci
663 1921 815 1968 volunt
831 1953 844 1970 ‚
864 1920 911 1967 id
937 1921 987 1970 de
1007 1925 1168 1968 Proteo
1195 1921 1359 1967 dietum
1379 1953 1392 1975 ‚
1424 1936 1472 1968 ut
1491 1919 1642 1966 scilicet
1653 1917 1711 1965 ad
1734 1921 2038 1983 AEgyptiorum
2061 1938 2131 1967 re-

365 2002 465 2049 gum
477 2002 645 2035 morem
661 1981 974 2048 respiceretur:
1011 2002 1110 2031 nam
1135 1987 1220 2040 illi,
1252 2003 1351 2032 cum
1369 1981 1410 2032 in
1427 1985 1651 2050 publicum
1668 1982 1994 2045 procedebant:
2019 1984 2130 2032 sem-

358 2067 436 2113 per
450 2052 623 2113 aliquod
641 2049 804 2115 infigne
813 2049 1183 2113 gestabant,quod
1193 2053 1354 2115 regiam
1363 2049 1627 2113 majestatem
1641 2066 1726 2113 prae
1743 2046 1783 2096 se
1795 2048 1926 2096 ferret
1941 2069 1955 2105 3
1973 2048 2018 2095 id
2033 2052 2128 2115 qui-

356 2113 460 2159 dem
478 2112 657 2162 subinde
674 2114 901 2161 mutabant
921 2134 933 2170 3
953 2115 1185 2178 aliquando
1205 2117 1320 2161 enim
1344 2116 1505 2162 Leonis
1520 2149 1534 2170 ,
1561 2130 1634 2161 aut
1647 2115 1815 2165 Tauri,
1851 2129 1925 2160 aut
1948 2116 2124 2163 Draco-

356 2179 422 2224 nis
445 2182 639 2242 priorem
663 2196 827 2244 partem
852 2213 866 2236 ,
895 2179 1115 2226 interdum
1148 2180 1349 2227 arborem
1372 2180 1675 2243 ,quandoque
1694 2180 1839 2243 ignem
1869 2212 1882 2232 ,
1913 2195 2125 2229 nonnun-

358 2260 491 2305 quam
508 2243 745 2291 redolentia
755 2244 973 2308 unguenta
992 2245 1290 2310 praeferebant,
1324 2243 1453 2294 Unde
1464 2243 1627 2292 fastum
1643 2243 1791 2291 locum
1815 2242 1969 2307 fabulae
1983 2279 1998 2299 ‚
2013 2250 2126 2297 Pro..

96 2317 334 2369 hnag038.2,
357 2323 472 2355 teum
489 2311 590 2356 inea
602 2311 751 2356 omnia
770 2329 781 2363 3
801 2326 1066 2374 quaecunque
1083 2312 1220 2375 capite
1236 2309 1446 2377 gestabat,
1465 2301 1600 2357 solere
1617 2308 1927 2371 transformari.
1945 2314 1993 2355 In
2013 2313 2127 2357 Car-

86 2610 286 2664 Eurynome.
294 2622 299 2625 “

352 2374 486 2437 patho
498 2377 630 2421 etiam
641 2372 771 2420 insula
780 2372 891 2418 idem
903 2373 1088 2438 regnasse
1097 2375 1289 2440 legitima
1301 2393 1387 2439 qua
1397 2374 1792 2437 marcCarprath‘iiuir
1801 2374 2122 2432 nomenhabet,

347 2439 470 2501 quod
491 2439 550 2486 est
565 2457 704 2504 prope
719 2442 1067 2502 AEgyptum,cum
1086 2459 1192 2489 vero
1210 2442 1373 2488 Phocis
1390 2441 1432 2487 id
1449 2458 1566 2488 mare
1581 2438 1773 2490 abundet
1793 2445 1818 2498 (
1836 2445 1984 2504 quse&
2004 2442 2123 2492 vituli

343 2506 493 2550 marini
504 2504 788 2568 appellanturs
802 2505 969 2566 priores
980 2506 1090 2554 enim
1103 2522 1241 2568 partes
1255 2510 1448 2560 cori0,ac
1464 2507 1559 2570 pilis
1570 2506 1703 2552 teffitas
1715 2502 1771 2550 ad
1787 2501 1909 2552 vituli
1923 2503 2120 2552 finulitu.

345 2566 490 2614 dinem
509 2569 825 2632 habentJatque
837 2567 1105 2627 aliismarinis
1118 2569 1389 2627 licllui533deo
1407 2572 1560 2627 marini
1573 2571 1714 2634 gregis
1728 2568 1942 2633 pastorest
1959 2569 2117 2631 dicius,

344 2635 510 2680 Oceani
523 2651 700 2699 quoque
712 2634 799 2679 filia
808 2625 1063 2697 Eurynome
1073 2634 1323 2699 putabat‘um
1353 2625 1449 2681 eain
1469 2637 1693 2682 Homerus
1704 2632 1889 2691 Thetidi
1902 2621 2116 2681 comit‘em

342 2698 648 2762 adjunxit,cum
665 2699 908 2753 Vulcanum
917 2699 1082 2748 adiren-
1103 2699 1320 2750 Nonnulli
1341 2703 1434 2749 e'am
1448 2703 1646 2762 Dianam
1654 2696 2051 2753 ›effeti-'ediderunm
2062 2707 2111 2747 'u't

1989 2767 2107 2812 Pau-
