2279 2938
489 120 500 135 ,-
521 95 1045 154 coLEBANTtm
1083 73 1463 156 immune.
1836 118 1908 170 rav

129 177 285 257 postea
296 182 450 252 pluviae
459 185 690 240 exsistunt.v
735 188 838 236 Hac
854 183 907 233 de
915 181 1055 234 caussa
1063 184 1302 251 phornutus
1319 186 1410 235 vult
1434 189 1620 243 Terram
1643 184 1906 239 Rlxeamvo-

135 255 221 303 cari
237 287 252 308 ,
285 266 510 317 tamquam
531 270 580 300 ex
600 269 647 299 ea
665 249 899 315 pluviap‘ffi
932 248 1060 317 quod
1088 248 1150 298 est
1166 283 1180 305 ‚
1214 249 1340 299 fluat:
1376 254 1445 300 cui
1460 268 1687 320 tympana,
1721 258 1765 301 δι
1783 271 1904 319 cym-

136 318 232 366 bala
256 317 356 364 ideo
387 315 579 364 adhibita
596 313 716 363 fuisse
730 347 745 370 ‚
779 315 886 362 item
907 311 1021 379 faces
1036 347 1053 371 ,
1085 321 1129 364 &
1149 314 1366 381 lampades
1389 317 1558 375 scribit,
1584 329 1764 383 propter
1786 322 1903 367 toni->-

128 391 233 430 rma
241 380 394 429 scilicet
410 387 453 430 &
472 380 638 446 fulgura
651 378 926 444 significanda
935 413 950 435 ‚
985 396 1080 444 quae
1091 379 1243 444 pluviis
1261 380 1412 445 praevia
1425 380 1508 428 esse
1525 381 1670 430 solent.
1707 385 1793 447 Alij
1805 387 1903 451 opi-

135 464 290 495 namur
300 468 313 502 3
348 462 546 510 tympana
566 443 621 491 ad
637 458 792 491 ventos
809 442 990 500 referri,
1055 460 1147 491 uos»
1157 459 1268 492 terra
1283 449 1396 493 intra
1409 443 1480 493 sua
1496 446 1651 494 viscera
1670 451 1870 496 continet
1888 475 1903 499 .-

131 517 228 575 ejus
249 512 464 577 opinionis
483 506 799 557 estAlexander
825 460 1148 573 Aphroditia„
1183 511 1254 575 qui
1273 508 1462 562 'eosdem
1477 510 1609 560 refert
1623 538 1649 562 ‚⁵
1670 512 1808 560 Vestae
1823 513 1906 560 ad..
2028 554 2034 560 ,

137 576 286 631 scribi,
321 591 414 638 quae
424 573 613 638 virginali
627 570 735 620 facie
753 571 813 620 est
835 572 1006 620 efficta:
1039 590 1089 621 ea
1103 574 1217 622 enim
1241 574 1301 623 est
1315 578 1480 631 Terra,
1514 593 1608 641 quae
1620 576 1746 623 etiam
1758 576 1871 625 sedet
1889 601 1902 627 :
1926 553 2033 605 Vesta.

137 642 198 689 ita
206 643 317 687 enim
335 636 556 702 exsculpsit
577 641 741 702 Scopas
756 670 772 693 ‚
805 651 854 685 ut
870 637 1190 686 Plinius-scribit
1204 672 1220 695 ‚
1252 640 1296 686 in
1312 638 1532 706 hortisque
1549 640 1784 689 Servilianis
1799 643 1905 693 vise..

132 705 291 754 batur:
325 702 414 750 haec
447 704 573 749 etiarn
594 716 847 767 tympanum
864 702 1053 751 tenebat.
1116 702 1361 752 Phurnutus
1385 702 1513 761 dicit,
1538 721 1645 754 eam
1664 707 1902 759 rotundam

140 767 287 834 effingi
309 765 469 825 solere,
505 781 634 829 atque
658 783 736 831 per
757 765 931 814 medios
954 767 1160 816 humeros
1176 767 1331 824 fixam,
1365 787 1420 817 eo
1437 771 1562 834 quod
1579 768 1824 833 hujusmodi
1842 774 1902 823 est

139 847 250 881 terra
266 865 280 888 ,
315 831 425 881 &fic
441 830 669 896 coagulata
683 828 819 881 sedet:
853 829 958 879 serta
977 830 1165 879 candida
1180 834 1237 880 ait
1252 835 1291 880 ei
1306 834 1606 900 circumposita
1628 832 1710 882 effe
1725 869 1740 892 ‚
1774 840 1903 901 quod

127 911 397 948 coronetur,
432 902 476 946 &
502 896 746 943 occultetur
762 895 1096 947 undecumque&
1111 896 1408 946 candidissimo
1438 901 1668 949 elemento.
1732 905 1815 950 Sed
1829 903 1901 952 hic

131 962 202 1011 est
211 959 633 1010 animadvertendum
647 994 662 1017 ,
699 958 805 1007 duas
824 962 936 1025 apud
952 953 1153 1025 aritiquos
1169 959 1290 1010 fuisse
1312 963 1487 1022 Vestas,
1521 980 1701 1031 quarum
1718 983 1801 1012 una
1824 972 1901 1016 Sa..

139 1028 254 1074 turni
269 1024 349 1073 fuit
363 1040 521 1080 mater,
556 1043 684 1090 quam
696 1042 777 1090 pro
789 1039 899 1072 terra
913 1024 1145 1091 posuerunt
1162 1046 1176 1082 3
1210 1027 1338 1074 altera
1350 1026 1459 1075 filim
1495 1047 1589 1094 quae
1605 1030 1750 1093 ignem
1775 1030 1902 1095 (igni-

139 1091 336 1151 ficabat2
359 1089 445 1138 hoc
457 1089 516 1137 est
531 1091 700 1137 vitalem
711 1090 825 1136 illum
843 1091 1029 1137 calorem
1052 1125 1067 1146 ,
1102 1092 1176 1154 qui
1191 1108 1270 1155 per
1286 1107 1407 1139 terrae
1431 1092 1585 1143 viscera
1600 1091 1711 1140 fusus
1723 1128 1736 1147 ,
1754 1102 1903 1144 omni-
1934 1102 1938 1107 '

140 1155 223 1203 bus
235 1172 328 1220 quae
345 1172 399 1203 ex
416 1162 465 1204 ea
480 1156 699 1210 oriuntur,
734 1156 862 1201 vitam
872 1154 1038 1204 tribuit,
1105 1161 1255 1216 Quare
1287 1155 1445 1204 nullam
1469 1161 1506 1206 ei
1537 1159 1702 1223 antiqui
1724 1157 1904 1209 statuam

142 1215 398 1285 posuerunt,
428 1235 480 1266 ut
496 1220 550 1266 de
558 1237 607 1266 ea
623 1218 809 1267 Ovidius
820 1219 936 1265 libro
947 1218 1172 1266 Fastorum
1190 1220 1315 1270 canit.
1792 1236 1824 1242 ‘·

278 1286 370 1334 Nec
378 1299 425 1332 tu
434 1285 554 1331 aliud
559 1283 714 1341 Villam
720 1316 736 1338 ,
746 1301 875 1347 quam
885 1288 1037 1330 vivam
1052 1286 1471 1352 intelltgeflammam5

377 1351 577 1413 Nataque
583 1348 810 1411 deflamma
828 1363 995 1415 corpora
1011 1351 1123 1395 nulla
1138 1351 1272 1400 vt‘a'est

276 1416 374 1461 lare
380 1418 508 1479 :gitur
518 1418 635 1480 virgo
651 1412 704 1473 est
711 1447 725 1463 ‚
757 1413 1001 1477 quaeftmina
1012 1416 1124 1459 nulla
1133 1420 1309 1462 remittit
1320 1448 1335 1466 ‚

361 1481 454 1526 Nec
466 1483 596 1543 capit:
609 1483 661 1532 (ῤ’
671 1493 832 1536 ccmttqs
842 1483 1097 1545 virginitatis
1111 1494 1243 1527 amat.

133 1586 139 1592 .
207 1545 358 1610 Itaque
369 1545 459 1606 ejus
471 1541 604 1589 cultui
612 1543 795 1607 virgines
810 1577 823 1594 ‚
856 1542 1046 1598 Vestales
1057 1542 1184 1592 dicta:
1200 1579 1213 1596 ‚
1249 1543 1394 1592 dicatae
1408 1541 1582 1596 fuerunt
1591 1574 1601 1600 ‚-
1615 1553 1904 1619 quaeprimum
1926 1571 2059 1605 Amas»
2078 1571 2150 1619 pn·-

147 1608 412 1664 &Numamt
430 1624 481 1655 ex
498 1607 624 1654 Livio
646 1608 827 1673 intelligi
834 1608 977 1673 potest
991 1643 1007 1664 ,
1041 1607 1239 1657 institutae
1264 1608 1449 1658 fixerunt.
1515 1614 1673 1663 Scribit
1689 1617 1879 1683 Agellius
1889 1653 1903 1675 ‚
1926 1635 1985 1659 ma
1993 1626 2093 1672 virgo

147 1672 404 1738 quodvirgo
419 1704 434 1727 ,
461 1670 814 1737 dumapontifice
831 1689 1083 1738 caperetur,
1115 1678 1273 1722 Amata
1288 1676 1604 1741 appellabatur,
1637 1699 1686 1729 ea
1709 1684 1873 1730 ratione
1888 1717 1903 1738 ,
1929 1675 2073 1728 vestales.

181 1735 272 1785 uod
295 1752 389 1802 quae
404 1737 543 1802 prima
566 1751 688 1801 capta
716 1735 796 1785 fuit
811 1770 826 1793 ,
857 1740 916 1786 ita
925 1738 1181 1789 vocabatur:
1213 1746 1257 1787 in
1274 1741 1319 1788 id
1335 1741 1567 1807 collegium
1579 1747 1904 1811 cooptabantur

148 1802 163 1849 i
179 1801 410 1868 laequidem
424 1818 519 1847 non
528 1804 719 1848 minores
730 1803 796 1849 sex
812 1804 953 1858 armis,
987 1819 1070 1851 nec
1089 1803 1240 1852 decem
1249 1810 1433 1869 majores
1480 1808 1556 1856 has
1567 1811 1906 1876 oportebatnul-

93 1888 96 1889 ⁷
139 1867 195 1916 lo
209 1867 385 1931 linguae,
419 1880 492 1912 aut
501 1866 750 1917 oculorum.
784 1882 856 1914 aut
867 1869 1054 1923 aurium,
1081 1882 1152 1916 aut
1162 1869 1351 1932 denique
1367 1870 1542 1934 alicujus
1558 1878 1753 1939 corporis
1771 1880 1919 1941 partis-

148 1932 256 1985 vitio
265 1929 488 1986 laborare3
517 1928 669 1977 harum
684 1945 878 1994 parentes
895 1929 1105 1993 ejufinodi
1122 1932 1203 1981 effe
1220 1933 1441 1983 debebant
1455 1970 1468 1988 ‚
1501 1953 1549 1986 ut
1571 1957 1803 2004 numquam
1822 1939 1907 1988 ser.

147 1996 334 2044 vitutem
359 1991 570 2044 servissent
595 2027 609 2047 ‚
637 2010 778 2060 neque
801 1995 1091 2061 quaestuariam
1104 2032 1121 2054 ,
1155 2013 1227 2047 aut
1250 1997 1465 2049 sordidam
1489 2017 1621 2050 artem
1631 2004 1906 2063 exercuiffent

149 2061 281 2112 Initio
294 2073 481 2126 quatuor
494 2074 660 2115 tantum
677 2056 821 2112 silere,
848 2059 948 2126 post
972 2059 1063 2110 stx:
1091 2079 1233 2127 neque
1257 2064 1453 2112 homines
1472 2066 1590 2114 aditu
1607 2066 1907 2126 excludebant,

140 2140 434 2192 *praeterquam
452 2126 603 2174 noetu.
667 2126 869 2191 Triginta
885 2127 1003 2175 annis
1027 2125 1087 2173 ibi
1103 2125 1338 2176 neceffario
1363 2131 1421 2176 eis
1437 2146 1526 2178 erat
1545 2125 1877 2196 permanendum
1892 2169 1910 2190 ,

153 2187 306 2241 decem
316 2190 482 2241 enimin
496 2187 618 2238 sacris
633 2191 893 2237 ceremoniis
911 2205 1039 2255 atque
1056 2192 1098 2237 in
1115 2189 1191 2253 luo
1207 2209 1382 2240 munere
1399 2194 1674 2257 perdiscendo
1687 2198 1914 2248 consume..

156 2254 286 2304 hant:
302 2255 391 2302 hoc
414 2270 526 2311 erat,
558 2272 705 2302 curare
727 2288 744 2310 ,
777 2269 827 2302 ut
848 2256 959 2320 ignis
983 2255 1051 2302 ille
1075 2252 1187 2303 lacer
1203 2290 1217 2311 ,
1241 2254 1424 2321 ipsarum
1440 2259 1643 2310 custodiae
1653 2265 1845 2312 creditus>
1855 2283 1911 2313 ne

140 2319 500 2384 *extinguereturt
528 2319 558 2366 fi
584 2323 696 2367 enirn
715 2316 763 2366 id
791 2335 984 2383 unquam
1008 2317 1248 2376 accidisset,
1285 2325 1516 2371 maximum
1539 2326 1716 2392 aliquod
1750 2328 1914 2377 malum

157 2384 375 2443 Romanis
430 2383 738 2431 ortendebatur
764 2402 778 2433 z
812 2400 1006 2435 cavero,
1041 2387 1163 2448 cujus
1186 2385 1309 2450 eulpa
1337 2385 1387 2434 id
1410 2387 1629 2447 eveniffet,
1663 2392 1915 2442 &Pontifice

156 2448 312 2498 acriter
324 2465 401 2497 ver
435 2448 540 2496 erari
556 2446 748 2497 solebat:
767 2465 866 2496 mos
881 2464 1024 2497 autem
1039 2464 1129 2497 erat
1143 2483 1156 2502 ,
1190 2451 1382 2500 tabulam
1395 2450 1528 2502 felicis
1538 2460 1725 2505 materiae
1741 2474 1830 2506 tam
1843 2459 1915 2506 diu

158 2511 386 2562 verberare
400 2545 415 2569 ‚
445 2513 706 2578 donecignis
715 2514 1036 2578 conciperetur,
1070 2516 1146 2578 qui
1165 2514 1311 2564 cribro
1321 2517 1540 2566 aheneoin
1556 2520 1720 2569 aedema
1737 2526 1922 2588 Virgine

159 2574 444 2640 deferebatur.
508 2578 665 2627 Altero
696 2578 907 2626 decennio
930 2596 989 2626 σε
1006 2595 1161 2634 munus
1177 2576 1296 2629 suum
1320 2582 1528 2632 obibant:
1550 2592 1658 2648 ‘quo
1686 2584 1886 2636 absoluto
1904 2622 1923 2646 ,

142 2641 391 2706 >tyronibus
402 2639 618 2691 docendis
633 2643 719 2709 aliis
729 2641 881 2694 decem
897 2644 1014 2692 annis
1028 2660 1250 2709 praeerant.
1282 2647 1385 2695 Post
1403 2649 1522 2713 quod
1540 2665 1708 2715 tempus
1719 2667 1924 2719 tanquam

162 2703 274 2758 tude
295 2708 466 2757 donatis
482 2707 665 2780 liberum
675 2723 790 2780 erat4
820 2707 1056 2783 uuiaet-erge
1071 2709 1251 2824 velliegt,
1286 2729 1340 2782 ²3².
1355 2713 1517 2780 ibidem
1540 2732 1822 2784 pet-manere:
1849 2717 1930 2784 sed

1783 2798 1927 2834 tamen

1927 225 2039 271 Rheaeg

1933 2036 2071 2086 Vestales
