2279 2938
158 167 172 190 .·
596 122 1538 179 COLEBANTUR‘IM‘AGINES.
1898 137 1989 192 ἰς

161 248 171 257 x
222 209 427 266 nemesim
450 214 574 262 variis
600 213 838 262 fabularum
871 214 1102 261 involucris
1126 214 1384 264 invexerunt.
1444 216 1525 261 His
1548 209 1722 269 diversas
1755 210 1984 277 sapientum

169 284 172 285 ⁷
223 283 450 351 opiniones
498 280 550 327 de
574 291 730 326 rerum‘
752 278 911 343 opifice-
952 281 1235 344 primariaqu'o
1267 297 1409 326 earum
1448 282 1621 326 materia
1646 279 1952 326 adumbrantur
1964 301 1978 337 ς

201 352 360 404 zQiare
388 346 609 392 Elementa
626 359 812 408 quatuor
836 376 847 394 ,
875 343 1018 390 Solem
1040 347 1232 397 ‚Lunam
1264 378 1278 398 ,
1314 346 1475 408 aliaque
1508 344 1610 390 astra
1641 346 1767 392 Deos
1802 344 1977 409 *diversis

218 409 476 459 fietionibus,
496 412 734 456 innuerunt.
803 412 950 472 Itaque
969 410 1027 454 eis
1045 409 1200 472 templa
1217 443 1229 462 ‚
1249 409 1388 455 altaria
1419 442 1433 464 ‚
1461 408 1601 455 statuae
1630 411 1841 457 Gentium
1867 427 1990 468 con⁴>

82 480 85 482 ’
145 478 174 484 ”
202 471 486 521 -secrabantur
501 488 780 538 praeterquam
801 471 913 531 apud
932 470 1138 538 quosdam
1166 472 1357 537 Afl'yrios
1379 509 1388 524 ,
1416 476 1490 537 qui
1512 488 1559 519 ut
1577 477 1786 521 Lucianus
1814 473 1971 530 scribit,

211 538 313 586 licet
353 555 508 586 eorum
534 540 738 602 Qeorum
765 533 928 601 effigies
959 535 1213 602 susciperent
1229 541 1303 603 qui
1321 536 1626 603 subalpcchim
1644 556 1735 585 non
1755 541 1970 586 caderent:

215 604 306 650 Soli
323 618 463 650 tamen
481 619 529 648 ac
539 606 669 649 Luna·
687 619 899 667 nusquam
917 614 1009 649 non
1039 604 1392 654 occurrentibus,
1419 603 1575 650 nullam
1596 603 1772 650 statuam
1803 622 1972 668 ponen-
1991 618 2070 673 nni
2096 649 2123 675 Ο
2145 643 2168 677 6

188 694 191 697 -
209 668 313 733 darn
339 666 637 717 asseverabant.
706 668 747 714 Si
765 668 876 714 enim
892 665 975 732 ipsa
992 685 1068 733 per
1085 665 1123 714 se
1142 666 1298 715 feriunt
1317 668 1470 715 oculos
1488 701 1499 717 ‚
1525 667 1662 714 statim
1683 684 1808 733 atque
1825 670 1876 725 ad
1893 687 1989 722 cae-s
2051 648 2096 690 g
2119 653 2279 724 “231-

204 733 292 778 l-um
311 729 551 797 suspicimus
570 765 584 787 ‚
611 733 718 796 quid
730 749 840 796 opus
852 731 910 779 est
921 749 1073 779 eorum
1098 732 1324 779 simulacris
1342 767 1355 788 ‚
1378 751 1476 780 cum
1492 750 1582 778 rem
1593 730 1721 797 ipsam
1739 748 1974 790 teneamus,

203 796 288 843 Sed
303 811 448 843 tamen
459 797 714 844 Macrobius
727 796 856 844 refert
866 798 909 843 in
927 797 1109 862 quadam
1120 795 1296 861 Assyria*
1321 805 1439 861 parte
1456 831 1469 851 ‚
1481 796 1555 863 ubi
1574 798 1647 844 Sol
1665 801 1974 863 atqueJupitcr

201 878 285 925 pro
313 861 468 909 eodem
486 861 767 917 colebantur,
787 862 1043 910 cummtmdi
1073 863 1235 909 animus
1260 860 1339 910 effe
1359 862 1649 912 crederentur,
1671 862 1888 926 quoddam
1900 864 1970 910 fu-

198 923 271 973 isse
289 932 482 975 auratum
507 926 799 981 simulacrum,
822 927 1021 992 idemque
1037 927 1234 974 imberbe
1252 961 1266 982 ,
1295 927 1417 992 quod
1441 925 1643 992 protenla
1668 928 1839 974 dextera
1858 932 1968 975 auri-

195 1006 260 1056 gae
271 1008 393 1045 more
404 991 620 1057 flagellum
647 1026 658 1042 ‚
678 990 1031 1048 smistrafulmen,
1049 990 1264 1058 spicasque
1286 991 1465 1056 gestaret
1482 1010 1596 1057 :quae
1616 993 1723 1039 Solis
1748 996 1967 1057 atqueJo-

195 1058 258 1103 vis
277 1058 363 1104 vim
380 1054 461 1105 esse
479 1058 675 1121 junffam
694 1056 1001 1121 significabant.
1070 1059 1188 1124 Qia
1215 1074 1317 1105 vero
1345 1057 1731 1103 caeterisomnibus
1757 1057 1962 1105 sideribus

194 1120 270 1168 801
289 1123 440 1169 virtute
457 1122 708 1169 antecellere
734 1121 900 1169 videtui·
923 1155 937 1176 ‚
963 1137 1093 1186 quam
1110 1123 1240 1186 longe
1257 1120 1451 1168 illustrius
1478 1122 1525 1166 in
1551 1121 1639 1167 haec
1664 1121 1867 1169 inferiora
1884 1133 1957 1170 eit-¹
2028 1140 2037 1147 ·’

191 1184 299 1233 serat
328 1215 339 1242 ;
368 1188 562 1246 nonnulli
580 1191 670 1250 ejus
682 1185 800 1233 fuere
824 1185 1036 1233 sententiae
1056 1200 1102 1232 ut
1114 1186 1302 1233 dicerent
1316 1219 1331 1240 ,
1354 1186 1540 1249 reliquos
1561 1189 1687 1232 Deos
1713 1204 1795 1251 pro
1820 1190 1956 1251 Apol-

189 1251 273 1298 line
291 1254 396 1316 poni
415 1286 429 1307 ‚
449 1267 581 1317 prout
597 1257 631 1298 is
654 1248 814 1298 diverse
825 1249 914 1298 suas
925 1248 1033 1300 vires
1052 1250 1390 1298 demonstaverit.
1439 1256 1670 1313 Propterea
1680 1251 1847 1299 diversis
1859 1270 1956 1301 enm

189 1314 416 1363 simulacris
447 1316 703 1364 effinxerunt
721 1350 735 1371 ‚
757 1316 1043 1380 eumdemque
1067 1315 1258 1380 plurimis
1288 1314 1534 1361 nominibus
1551 1313 1699 1369 ,inter
1716 1313 1756 1363 se
1773 1320 1954 1364 maxime.

186 1379 482 1429 differentibus
508 1379 773 1447 appellarunt
803 1415 816 1436 ‚
851 1392 942 1444 non
977 1378 1116 1428 solum
1138 1382 1167 1427 ii
1192 1380 1266 1454 qui
1297 1380 1440 1445 lingua
1474 1377 1754 1444 discreparent
1780 1415 1793 1431 ,
1820 1380 1889 1428 sed
1908 1389 1952 1431 &

184 1446 343 1510 quibus
360 1443 460 1493 ess'et
470 1447 710 1493 communis
730 1442 869 1493 sermo
895 1464 910 1502 3
930 1443 1171 1494 &inferius
1189 1479 1203 1500 ‚
1226 1445 1320 1491 data
1347 1444 1571 1492 occasione
1591 1446 1792 1494 dicemus.
1822 1447 1950 1494 Grae-

182 1512 222 1556 ci
240 1512 352 1558 enim
369 1510 618 1575 Apollinem
629 1510 712 1559 five
729 1510 946 1558 Phoebum
964 1524 1249 1564 vocaverunt,
1284 1510 1327 1554 in
1344 1528 1434 1574 quo
1446 1527 1522 1556 eos
1546 1510 1661 1556 latini
1673 1510 1764 1556 sunt
1780 1513 1945 1566 imitati;

182 1576 471 1623 Namnullum
486 1575 598 1640 apud
619 1593 701 1625 nos
724 1577 1055 1641 propriumejus
1079 1591 1247 1622 nomen
1262 1574 1396 1621 ‘exstat
1411 1583 1696 1639 praeterquam
1721 1577 1794 1622 Sol
1811 1609 1825 1629 ,
1854 1594 1944 1641 quo

181 1640 357 1687 nomine
375 1641 625 1706 plerumque
635 1658 716 1688 nos
727 1650 906 1687 utemur.
914 1638 922 1643 ‘¹
935 1643 1069 1688 Hunc
1085 1638 1205 1704 prisci
1217 1643 1418 1703 juvenem
1428 1638 1756 1704 imberbemque
1768 1639 1947 1688 effinxe*

178 1718 294 1754 runt.
332 1710 502 1772 ‹Qare
519 1706 711 1753 Alciatus
732 1705 811 1752 suis
823 1706 1187 1758 Emblematibus‚
1206 1722 1303 1752 cum
1318 1705 1538 1767 juventam
1562 1704 1684 1751 vellet
1696 1707 1942 1770 exprimere.

177 1770 425 1834 Apollinem
450 1776 495 1819 &
525 1769 718 1817 Bachum
740 1804 755 1826 ‚
780 1771 976 1818 induxit:
1009 1771 1060 1818 iis
1095 1772 1210 1818 enim
1240 1771 1350 1818 inter
1387 1771 1528 1817 Deos.
1550 1766 1836 1817 adolescentes
1862 1767 1956 1826 effe!

176 1836 388 1898 praecipue
406 1836 587 1899 contigit
603 1834 684 1889 „de
697 1835 854 1898 quibus
869 1835 1071 1882 Tibullus
1088 1836 1239 1900 inquit.

281 1903 380 1945 Solis
400 1915 543 1946 aeterna
559 1899 610 1960 est
624 1898 772 1946 Phoebo
798 1899 1013 1964 Bachoque
1037 1899 1222 1964 Juventa
1237 1933 1255 1956 ‚
1299 1923 1305 1929 ·

280 1967 401 2010 Nam
416 1965 522 2010 decet
531 1966 709 2025 intonsus
722 1966 847 2010 crinis
861 1976 1085 2023 utrumque
1104 1970 1261 2024 Deumf.

170 2028 239 2076 Ex
250 2045 340 2093 quo
350 2028 573 2075 Dionifius
591 2025 884 2093 Syracusarum
899 2028 1308 2095 Tyrannus‚lepido
1326 2028 1506 2078 difierio
1519 2025 1719 2094 sacrilegii
1735 2027 1936 2079 excusan-

169 2089 559 2159 diansat‘nsumpsst.
595 2098 711 2143 Cum
727 2111 777 2141 ex
787 2091 1010 2158 AEsculapii
1028 2093 1161 2141 statua
1192 2112 1361 2142 auream
1389 2095 1565 2141 barbam
1591 2094 1644 2140 ad
1667 2093 1707 2141 se
1724 2097 1872 2142 avertit
1882 2096 1936 2143 fi-

114 2210 120 2213 Α
158 2157 216 2205 *bi
234 2155 462 2216 absurdum
479 2158 624 2206 videre
642 2158 783 2206 dicens
801 2192 816 2214 ,
834 2173 955 2223 patre
981 2158 1196 2206 exsistente
1214 2160 1399 2205 imberbi
1417 2159 1553 2206 filium
1584 2173 1671 2205 tam
1687 2158 1933 2224 promissam

168 2222 515 2271 barbamhabere
547 2243 559 2272 ς
587 2221 859 2288 AEsculapium
877 2223 1220 2287 enimApollinis
1247 2225 1384 2270 filium
1417 2222 1572 2273 ferunt.
1622 2223 1746 2272 Flava
1770 2222 1932 2275 caesarie

167 2288 416 2353 Apollinem
432 2304 588 2351 ornant
610 2322 625 2345 ‚
647 2305 739 2353 quae
750 2288 961 2353 fulgentes
972 2287 1079 2335 Solis
1096 2287 1238 2335 radios
1263 2287 1468 2352 designat.
1534 2290 1640 2351 Ejus
1650 2287 1928 2339 adolescentia
1946 2301 2157 2352 Apoffosm·

146 2353 449 2400 ‘admonemur
473 2386 488 2407 ,
514 2352 640 2418 ipsius
656 2355 856 2402 virtutem
874 2386 888 2408 ,
910 2352 1183 2418 caloremque
1208 2370 1298 2419 quo
1314 2355 1443 2400 vitam
1467 2351 1596 2400 rebus
1620 2352 1761 2401 influit
1777 2389 1790 2409 ,
1817 2354 1923 2403 sem·
1938 2359 2158 2407 perjuwnse,

165 2434 243 2483 per
261 2418 442 2465 eundem
463 2416 728 2482 perseverare
743 2434 1048 2482 nunquamque
1072 2415 1373 2467 inveterascere
1390 2449 1403 2469 ‚
1423 2431 1494 2464 aut
1525 2418 1668 2483 aliquo
1694 2423 1825 2483 padio
1853 2440 1923 2468 re-

166 2481 299 2530 tundi.
343 2482 424 2529 Sed
442 2483 493 2528 de
514 2482 600 2529 aliis
617 2500 794 2547 quoque
812 2483 911 2529 Diis
932 2483 1108 2534 dicitur,
1129 2500 1214 2531 nun
1249 2500 1346 2530 uam
1367 2479 1597 2529 senescere.
1643 2477 1792 2548 Itaque
1810 2484 1923 2550 apud

131 2544 139 2559 ‘
162 2550 413 2595 Homerum
428 2547 606 2613 legimus
621 2581 635 2602 ,
648 2548 823 2596 Hebem
835 2547 952 2611 (quae
961 2565 1048 2596 vox
1065 2549 1193 2596 aetatis
1211 2501 1367 2595 liorem
1383 2545 1504 2594 sonat
1514 2549 1778 2612 primamque
1793 2551 1834 2595 in
1846 2568 1922 2615 ge-
2107 2592 2111 2594 .

159 2612 488 2676 nislanugin‘em
504 2611 744 2675 fignificat)
763 2612 922 2677 pocula
938 2614 1098 2660 caetoris
1114 2615 1212 2661 Diis
1229 2613 1461 2661 ministrare
1483 2645 1495 2664 ‚
1516 2613 1619 2678 Jovi
1643 2613 1746 2659 vero
1779 2616 1916 2660 Gaui·
1937 2611 2103 2648 mmm&
2117 2639 2126 2646 -

161 2673 343 2726 medem.
402 2678 510 2723 Haec
528 2691 668 2722 autem
696 2681 897 2741 juventus
923 2677 977 2723 ab
994 2680 1175 2742 antiquis
1194 2679 1445 2727 colebatur:
1477 2679 1544 2724 cui
1563 2678 1719 2724 Romae
1738 2679 1782 2725 in
1808 2681 1918 2728 citro
1937 2667 2030 2699 ΒΜ·

159 2742 347 2792 maximo
370 2741 505 2806 aedem
527 2741 713 2805 Licinius
733 2742 935 2790 Lucullus
950 2741 1405 2794 ‘duumvir-dedicavi&
1439 2759 1567 2807 quam
1594 2758 1770 2791 voverat
1798 2747 1917 2791 XVI.

1215 2810 1266 2857 D
1346 2857 1350 2860 ,
1802 2811 1921 2856 amus
