2279 2938
317 83 402 130 168⁴
585 78 612 101 ν»
751 68 1072 118 υΕοιωΜ
1107 67 1229 134 Qn
1268 61 1358 114 ΑΒ
1391 60 1665 132 ANTtQ

2239 31 2253 87 ἐ

322 168 432 212 ratio
449 199 462 219 ,
475 178 546 209 cur
564 155 806 220 supradicta
826 157 1014 201 murium
1027 152 1225 199 immiffio
1246 151 1446 199 Vulcano
1466 150 1735 196 tribueretur.
1802 147 1887 196 sed
1902 146 2083 195 nonabae.
2135 177 2137 179 ·
2236 85 2257 210 ἕ
2278 199 2279 202 ¹

301 228 450 284 „surde
468 221 641 273 foi-taffe
667 240 748 288 pro
760 239 813 268 eo
824 221 1030 284 temporis
1045 251 1055 271 ,
1067 235 1116 263 ac
1127 216 1380 265 soliliccitas
1392 216 1485 280 capi
1501 211 1651 280 poss'ct.
1667 217 1680 222 ”
1697 215 1817 274 Nam
1832 214 1990 261 Plinius
1999 211 2079 263 libi
2236 267 2239 274 ,
2254 271 2258 276 .

328 298 386 343 Xr
402 293 453 339 de
470 293 659 339 murium
673 285 951 335 foecunditate
968 284 1430 345 scribens‚proventum
1441 297 1592 328 eorum
1604 278 1858 327 siccitatibus
1867 276 2079 327 adscribit:
2104 291 2124 319 -ῖ
2237 211 2260 367 3

329 355 636 421 itaquehyeme
647 352 926 416 nonamplius
944 348 1124 404 exstant3
1143 344 1684 409 illudque-latetquonam
1695 343 1832 390 modo
1848 343 1915 389 illa
1935 343 2081 388 multi-
2113 389 2122 397 ¹,
2222 369 2242 382 κ

329 424 439 470 tudo
449 435 623 485 repente
640 417 808 466 occidat
826 435 838 471 3
859 431 955 461 nam
967 430 1046 459 nec
1058 414 1273 460 exanimes
1286 413 1555 474 reperiuntur
1567 425 1708 474 neque
1717 408 1777 455 est
1790 442 1805 462 ,
1827 409 2093 471 quimutem‘
2118 435 2126 460 r

334 489 491 552 hyeme
504 502 610 550 agro
622 480 840 529 effoderit.
875 478 1047 526 Fabulae
1057 511 1070 534 ,
1081 479 1173 542 qiiae
1183 476 1238 522 de
1254 476 1454 522 Vulcano
1468 472 1661 521 feruntur
1677 508 1690 528 ‚
1702 472 1794 520 sunt
1810 472 2078 536 multiplices,

336 568 482 615 eaeque
497 550 627 597 nobis
644 545 837 612 praeclara
850 541 1369 607 argumentasuppeditare
1387 537 1580 604 poffunt,
1592 539 1702 587 varie
1726 547 1822 586 eum
1833 532 2080 601 effingendi.
2118 538 2121 541 ’

333 619 416 666 Sed
441 651 456 670 ‚
502 630 551 660 ut
581 613 634 659 ab
659 614 866 669 ortu‘ejus
899 609 1147 671 incipiamus
1170 623 1246 661 ,ex
1273 607 1448 670 Junone
1466 618 1588 650 natus
1617 603 1769 658 dicitur
1801 623 1814 659 3
1853 619 2081 667 quae,cnm

335 699 435 729 eum
460 676 700 727 admodum
725 674 967 726 deformem
991 685 1183 717 cerneret
1199 703 1212 725 ,
1233 668 1263 716 -e
1287 669 1405 715 coelo
1423 671 1687 733 praecipitem
1721 668 1837 715 dedit
1867 703 1882 723 ‚
1899 685 1913 707 1-
1934 668 2080 731 quiin

333 751 549 794 Lemnum
579 776 591 795 ‚
627 758 718 804 quae
759 738 817 785 est
841 739 973 800 AEgaei
991 733 1121 781 insula
1146 768 1160 789 ,
1188 734 1372 789 cecidit„
1391 751 1441 780 ex
1460 731 1682 797 ⁸casuque3
1713 731 1923 780 'diffracta
1949 731 2079 786 tibia,

339 812 510 860 claudus
523 807 580 853 est
591 806 784 853 effeetus„
828 801 966 862 Quod
977 798 1140 863 Phyfici
1151 802 1481 862 interpretantur
1491 798 1543 844 de
1554 795 1753 852 fulmine,
1771 797 2082 862 quodestigni-

338 893 408 923 tus
422 888 560 937 vapor
586 891 599 927 ;
625 870 711 917 hoc
724 868 781 915 est
801 867 947 914 infima
964 868 1070 910 aeris
1089 879 1208 927 parte
1224 897 1238 917 ,
1266 864 1445 909 maxime
1464 866 1661 910 omnium
1680 860 1805 909 crafl'a
1824 897 1837 917 ,
1879 880 1926 909 ac
1951 859 2080 909 densa

92 955 289 996 mama>
338 944 386 987 in
402 955 538 987 terras
564 935 705 982 cadit:
739 949 878 980 aerem
905 945 1045 985 autem
1056 931 1190 994 Juno-
1207 927 1443 985 adumbrat.
1500 930 1720 977 Vulcanus
1739 961 1752 982 ,
1769 932 1857 990 jam
1874 925 2079 991 grandior

81 1013 277 1062 eoeloproie·
336 1022 437 1053 natu
456 1001 635 1050 effeetus
658 1033 671 1053 ‚
696 999 944 1060 injuriaeque
960 996 983 1041 ἐι
1007 1008 1139 1049 matre
1165 1003 1346 1057 acceptae
1363 1009 1562 1056 memor,
1596 1008 1644 1040 ut
1676 1010 1769 1038 eam
1786 993 2078 1047 ulcisceretur,
2104 999 2112 1004 ’

83 1066 164 1101 r‘ms,
336 1085 406 1117 aut
424 1103 436 1123 ,
449 1086 500 1114 ne
513 1065 689 1113 Herculi
704 1080 782 1124 pro
800 1060 977 1107 libidine
995 1073 1192 1115 noceret,
1205 1057 1459 1122 prohiberet
1468 1054 1624 1122 ,prout
1643 1056 1790 1105 Suidas
1809 1076 1862 1105 ex
1874 1059 2083 1112 Pindaro,

333 1144 375 1183 ὃς
397 1132 655 1197 Epicharmo
667 1125 1017 1180 rcfei·t‚auratam
1036 1122 1173 1170 sedem
1194 1124 1230 1168 ei
1250 1120 1375 1168 dono
1386 1123 1498 1168 milit
1517 1143 1527 1168 ι
1567 1125 1609 1168 in
1628 1140 1710 1186 qua
1725 1123 1791 1168 illa
1816 1140 1915 1168 cum
1934 1125 1973 1167 {e
1989 1122 2082 1168 col-
2101 1152 2104 1158 n

333 1197 506 1246 locasiat
524 1231 537 1251 ‚
565 1199 623 1241 ita
639 1191 806 1239 adhaelit
822 1225 833 1245 ‚
846 1206 892 1236 ut
903 1186 1123 1253 exsurgere
1140 1191 1360 1251 nequiret,
1372 1205 1452 1234 nec
1464 1189 1641 1234 caelitum
1660 1205 1745 1252 ope
1757 1186 1850 1243 usa,
1875 1188 1914 1235 se
1940 1187 1993 1233 ab
2011 1187 2082 1234 illa

334 1267 538 1312 extricare
556 1260 742 1306 valuerit.
810 1261 960 1318 Itaque
980 1254 1054 1300 Dii
1072 1249 1240 1298 summis
1259 1253 1456 1316 precibus
1469 1253 1492 1298 εἰ
1519 1253 1729 1300 Vulcano
1742 1253 2079 1312 contenderunt,

335 1346 382 1375 ut
394 1344 406 1383 ·‚·
417 1331 459 1374 in
477 1327 633 1374 coelum
652 1319 883 1370 ascendens
895 1354 906 1374 ‚
925 1335 1104 1365 matrem
1117 1318 1289 1363 vinculis
1301 1315 1382 1363 illis
1393 1351 1406 1372 ,
1419 1314 1491 1364 :ise
1501 1315 1725 1363 artificiose
1735 1319 1905 1365 intextis
1917 1352 1930 1373 ,
1942 1317 2080 1365 exsol-

333 1408 453 1440 veret
472 1413 481 1438 :
517 1389 586 1437 sed
610 1386 678 1433 ille
697 1422 709 1441 ‚
745 1390 819 1451 qui
840 1401 992 1430 eorum
1018 1384 1174 1429 nemini
1193 1379 1232 1427 se
1246 1382 1435 1428 crederet
1451 1416 1464 1436 ,
1489 1381 1592 1428 illuc
1613 1381 1652 1428 se
1670 1381 1993 1430 conscensurum
2003 1390 2080 1429 ne·
2098 1411 2117 1431 a

335 1459 451 1522 gavit
476 1476 486 1503 :
511 1453 686 1502 tandem
702 1455 774 1497 uni
788 1450 935 1496 Bacho
952 1447 1090 1498 fidens
1107 1482 1121 1501 ‚
1157 1447 1542 1510 ruit,matremque
1560 1447 1759 1501 liberavit.
1797 1446 1848 1494 Id
1862 1446 2079 1494 Pausanias

335 1524 513 1570 etiamin
532 1519 681 1574 Atticis
699 1518 928 1562 confirmat
943 1549 957 1569 ‚
991 1513 1202 1565 scribens,
1216 1511 1396 1566 Athenis
1414 1511 1545 1558 Bachi
1562 1511 1748 1574 effigiem
1765 1513 1901 1567 cerni,
1921 1511 2081 1561 Vulca-

93 1580 317 1641 i-w’cffusnd
339 1606 440 1635 num
453 1590 496 1634 in
507 1586 653 1632 caelum
671 1579 829 1630 secum,
843 1578 897 1626 ad
909 1595 1087 1626 matrem
1106 1575 1343 1623 solvendam
1357 1577 1594 1622 reducentis
1613 1596 1624 1631 ;
1644 1583 1685 1624 &
1702 1577 1744 1622 in
1761 1579 2014 1632 Laconicis,
2033 1594 2080 1622 a·-

84 1649 274 1674 ‘'³''³¹”um'
340 1651 432 1718 pud
448 1649 778 1698 Lacedaemones
796 1647 842 1690 in
856 1647 1064 1691 Minerva:
1076 1641 1238 1705 templo
1259 1636 1337 1686 ess'e
1351 1635 1596 1688 Vulcanum
1613 1675 1625 1695 ,
1647 1644 1792 1687 matris
1802 1643 1971 1689 vincula
1994 1641 2080 1688 sol-

342 1733 522 1766 ventem.
558 1712 681 1760 Idem
692 1712 821 1757 etiam
837 1711 879 1754 in
891 1708 1000 1756 vasta
1010 1705 1200 1772 spelunca
1213 1705 1404 1752 exsistens
1417 1704 1656 1769 effingitur,
1671 1708 1744 1770 qui
1763 1724 1844 1752 una
1868 1724 1967 1753 cum
1987 1702 2078 1770 Cy-
2125 1738 2131 1742 -

341 1781 537 1846 clopibus
557 1777 612 1824 ad
630 1777 839 1824 caminum
861 1772 993 1820 adstat
1012 1791 1024 1827 ;
1045 1772 1118 1818 ubi
1129 1787 1180 1816 ex
1205 1768 1321 1815 ferro
1339 1771 1450 1816 varia
1475 1787 1609 1834 opera
1627 1770 1803 1818 fabricat
1819 1791 1834 1816 t
1868 1787 1970 1822 nam
1986 1772 2077 1826 Dii,

342 1842 694 1910 quotiescumque
711 1841 834 1886 armis
851 1833 1125 1901 indiguissent
1139 1834 1426 1899 ,quibusipli,
1451 1836 1518 1881 vel
1534 1837 1683 1899 aliquis
1709 1838 1767 1883 eis
1800 1853 1918 1883 carus
1941 1835 2081 1884 fuiss'et

340 1910 510 1965 usurus,
526 1907 770 1960 Vulcanum
794 1904 968 1950 adibant
984 1922 997 1957 ·,
1018 1897 1387 1965 quemadmodum
1398 1898 1451 1944 de
1463 1899 1649 1946 Thetide
1666 1897 1853 1948 narratur
1869 1935 1881 1952 ‚
1903 1919 1996 1965 quae
2014 1921 2080 1949 ar-

320 2012 322 2014 >
341 1995 410 2024 ma
422 1993 503 2040 pro
521 1972 687 2020 Achille
699 1969 800 2018 'filio
825 1969 878 2014 ab
890 1986 944 2016 eo
957 1963 1180 2013 efficienda
1195 1965 1369 2014 curavit.
1433 1970 1498 2011 Ita
1515 1962 1636 2011 isfuit
1647 1969 1690 2011 in
1703 1965 1869 2030 Cypseli
1894 1984 1986 2014 arca
2005 1975 2079 2018 eff:-

342 2040 522 2104 sculptus
542 2071 557 2094 ,
571 2053 621 2084 ut
630 2035 848 2084 Pausanias
859 2035 900 2079 in
909 2031 1063 2080 Eliacis
1082 2030 1296 2095 prioribus
1322 2027 1450 2076 refert
1466 2063 1478 2083 ‚
1491 2028 1635 2076 dicens
1655 2065 1668 2085 ,
1703 2049 1801 2078 eum
1820 2065 1834 2086 ‚
1862 2035 1936 2096 qui
1955 2030 2078 2083 The,-

344 2105 426 2154 tidi
454 2121 572 2150 arma
592 2100 799 2164 praeberet
833 2132 844 2149 ‚
880 2095 1080 2145 claudum
1103 2092 1224 2142 fuiffe
1243 2127 1254 2142 ‚
1291 2096 1357 2139 cui
1377 2092 1553 2159 quidam
1577 2112 1675 2140 cum
1701 2094 1936 2159 forcipibus
1960 2109 2078 2143 retro

346 2170 555 2218 adstabat.
618 2171 770 2215 Venus
787 2179 967 2227 quoque
984 2162 1037 2207 ab
1055 2162 1211 2225 eodem
1232 2175 1343 2205 arma
1362 2176 1442 2222 pro
1463 2163 1599 2206 Ainea
1621 2159 1714 2206 filio
1732 2158 1920 2207 habuisse
1950 2160 2079 2224 fingi-

347 2251 429 2284 tur.
479 2239 623 2279 Poetae
639 2264 657 2285 ,-
671 2248 767 2277 cum
779 2228 994 2292 quidpiam
1013 2243 1171 2289 magno
1191 2242 1289 2271 cum
1299 2222 1478 2270 artificio
1493 2224 1739 2273 confee³tum
1757 2259 1770 2281 ‚
1789 2243 1835 2272 ac
1848 2224 2006 2272 affabre
2015 2225 2080 2272 fa·-

345 2304 465 2349 &curn
484 2295 717 2344 describere
735 2296 886 2339 volunt
909 2327 922 2346 ‚
959 2291 1006 2337 id
1023 2291 1046 2337 a
1071 2290 1267 2338 Vulcano
1291 2284 1548 2336 fabricatum
1572 2291 1728 2338 dicunt.
1795 2295 1906 2356 Qae
1931 2308 2077 2337 narra-

344 2368 486 2414 tiones
546 2363 706 2408 uamvis
730 2354 928 2406 fabulosae
946 2391 959 2410 ,
993 2357 1154 2420 optime
1185 2357 1237 2400 iis
1264 2355 1587 2415 accommodari
1615 2353 1782 2420 possunt
1798 2389 1813 2410 ,
1839 2373 1931 2419 quae
1950 2355 2003 2402 de
2022 2374 2096 2410 eo,

345 2435 467 2494 juxta
482 2430 521 2475 hi
563 2427 698 2473 oriam
726 2422 871 2470 Suidas
891 2436 1063 2475 narrat3
1090 2437 1187 2465 eum
1208 2417 1360 2465 scilicet
1379 2421 1422 2464 in
1453 2424 1644 2484 AEgypto
1676 2420 1866 2484 regnasse
1882 2440 1895 2476 3
1929 2421 2079 2485 ibique
2112 2420 2114 2425 '

93 2534 192 2566 Ferro
229 2525 279 2562 uis
349 2494 538 2541 numinis
555 2490 662 2539 loco
672 2487 886 2540 habitum,
905 2482 1027 2548 quod
1041 2483 1170 2529 dubia
1187 2517 1199 2538 ,
1213 2500 1305 2546 quae
1316 2485 1360 2528 in
1376 2484 1584 2548 religione
1595 2476 1855 2535 ‘incidkrenb
1885 2487 2078 2532 omnium

90 2540 305 2631 pnmusssm
347 2562 512 2622 optime
558 2553 798 2602 dissolveret
821 2570 833 2607 3
867 2548 1067 2595 eumdem
1092 2549 1326 2593 admodum
1356 2547 1598 2596 bellicosum
1643 2548 1776 2600 fuifl'e.
1855 2553 2001 2613 Itaque
2025 2567 2077 2596 ex

92 2634 145 2683 fit.
345 2627 513 2671 vulnere
548 2627 595 2670 in'
617 2618 763 2685 praelio
789 2612 976 2679 suscepto
1006 2647 1018 2664 ‚
1043 2611 1228 2659 ‘claudus
1252 2609 1512 2660 cll-effectus
1543 2630 1554 2663 t
1588 2612 1710 2660 illum
1734 2618 1856 2662 etiam
1893 2614 2077 2675 primum

349 2686 540 2737 exstitiffe
572 2721 587 2743 ‚
622 2686 695 2749 qui
727 2682 884 2730 ferrum
917 2679 969 2727 ad
1009 2694 1126 2726 arma
1156 2676 1308 2724 bellica
1339 2691 1465 2740 atque
1488 2677 1638 2729 rustica
1660 2678 1936 2727 instrumenta
1963 2693 2083 2730 com,

285 2763 296 2780 1
1929 2742 2095 2790 ficien:
