2279 2938
505 84 1028 135 COLEBANTUR
1091 82 1464 133 IMAGINE&
1815 83 1899 143 19?

130 171 405 222 usuveni'ret,
426 170 452 218 fi
466 170 602 234 pluris
621 188 769 218 canon
780 168 1039 227 faceremus,
1053 187 1152 233 quae
1171 170 1245 217 {ub
1271 176 1359 233 ejus
1378 172 1474 219 sunt
1498 171 1706 236 potestate
1724 204 1739 228 ‚
1763 184 1901 234 quam

133 255 228 300 quae
240 234 314 283 sub
329 235 670 283 nostra.Divitiae
681 251 869 298 namque
888 232 1083 281 Portunae
1104 235 1353 296 dominatus
1378 233 1469 282 sunt
1493 238 1693 284 obnoxiat
1717 270 1731 292 ,
1766 241 1898 285 virtus

130 299 394 351 solanostra:
417 300 478 347 est
493 320 502 346 :
515 298 605 347 Sed
614 315 759 347 tamen
768 315 848 345 nos
863 297 939 345 has
959 300 1035 345 illis
1050 298 1347 363 postponimus
1365 300 1488 362 quod
1496 303 1705 350 Horatius
1715 318 1901 367 magno·

135 363 492 430 pereindignatur
511 397 525 417 ,
539 359 599 410 ita
617 366 662 409 in
676 363 834 426 Satyris
845 362 1108 416 exclamans,

267 432 307 476 Ο
319 446 427 474 czves
439 434 551 474 cives
559 460 574 482 ,
594 426 807 492 quaerenda
815 434 991 493 pecunia
996 434 1205 493 primum,

268 495 410 539 Vtrtus
419 491 509 557 post
519 506 614 557 opes.
812 502 816 505 ·
904 530 907 532 ,

131 557 298 604 Bonam
316 558 436 603 fimul
457 589 469 610 ,
481 573 526 602 ac
539 554 691 601 malam
706 556 955 607 Fortunam,
968 552 1024 600 sic
1043 568 1204 603 veteres
1230 554 1539 602 adumbrarunt
1555 588 1568 610 ‚
1601 556 1792 620 quamvis
1821 557 1897 604 ἀφ’

131 619 301 684 scriptio
320 620 480 667 bonam
505 634 672 665 tantum
690 619 851 665 innuat.
877 617 951 666 Est
969 622 1017 663 in
1033 618 1143 667 solio
1155 617 1298 666 sedens
1322 624 1472 667 mulier
1492 619 1896 675 stolatar‚subt1⁴istis,

135 689 254 746 cujus
289 684 472 732 dexterae
516 681 713 727 dextram
736 686 916 746 jungere
960 683 1127 730 videtur
1177 683 1492 732 adolescentula
1532 686 1699 749 egregia
1735 683 1894 738 forma,

132 765 180 795 ac
192 747 357 794 liberali
375 782 389 802 ‚
417 763 507 810 quae
552 745 631 792 stat
651 761 747 791 ante
771 745 886 792 illam
913 765 924 792 :
951 747 1050 810 post
1069 765 1171 794 vero
1196 765 1436 795 matronam
1463 746 1680 795 sedentem
1704 746 1895 812 puellulae

137 811 333 876 quaedam
343 820 515 857 manum
531 810 651 872 supr'a
662 808 891 857 scabellum
910 825 1054 858 tenere
1071 813 1245 867 &inniti
1265 814 1444 861 videtur,
1476 812 1637 860 Moesta
1652 811 1720 858 illa
1730 827 1895 858 matro-

131 877 455 941 na‚praeteritam
465 876 702 920 Fortunam
727 873 932 937 fignificat
949 894 959 921 :
980 873 1228 923 adolescens
1240 894 1332 941 quae
1344 879 1567 923 cimanum
1578 877 1740 940 praebet
1754 910 1768 931 ,
1786 892 1896 939 prae·

132 939 291 987 sentem
308 936 503 986 ostendit
524 970 537 991 ,
573 936 715 1000 puella
743 939 893 986 futurae
920 938 980 986 est
1011 939 1267 989 fimbolum.·
1331 939 1415 988 Sed
1443 957 1672 1006 antequam
1715 940 1893 1004 longius

131 1003 399 1069 progrediar.
426 1050 428 1052 ,
448 1004 536 1048 Hic
553 1002 717 1066 aliquid
744 1000 798 1049 de
814 1002 989 1050 Nemefi
1006 1003 1349 1066 interjiciendum
1373 1039 1385 1059 ‚
1411 1022 1555 1069 operae
1575 1006 1771 1069 praetium
1798 1005 1896 1051 fore

133 1069 233 1119 duxi
257 1101 269 1118 ,
290 1068 425 1114 ambae
445 1068 559 1113 enim
570 1068 678 1112 inter
703 1065 742 1113 se
756 1066 878 1114 valde
895 1067 1047 1114 fimilcs
1065 1069 1264 1116 videntur
1277 1103 1292 1125 ‚
1322 1074 1380 1117 ita
1398 1085 1444 1115 ut
1455 1071 1581 1134 aliqui
1595 1071 1711 1116 idem
1731 1084 1900 1117 numen

130 1134 214 1181 esse
231 1132 311 1179 fint
328 1132 518 1179 arbitrati
543 1151 553 1178 ι
579 1128 705 1195 quod
716 1131 784 1177 vel
802 1132 914 1178 exiis
931 1129 1140 1178 discamus
1160 1133 1258 1180 licet
1271 1167 1286 1188 ‚
1308 1130 1433 1198 quod
1452 1131 1572 1198 supra
1590 1149 1640 1180 ex
1665 1137 1892 1180 Martiano

133 1198 370 1245 attulimus.
437 1195 523 1244 Sed
541 1211 688 1242 tamen
707 1211 888 1260 utraque
912 1197 1138 1260 proprium
1156 1197 1233 1245 fibi
1253 1199 1413 1245 cultum
1438 1197 1705 1261 statuamque
1731 1197 1808 1243 fibi
1832 1196 1892 1244 est

132 1262 297 1312 sortita.
340 1262 538 1308 Nemehs
556 1277 661 1324 ergo
680 1261 779 1306 Dea
794 1275 884 1306 erat
898 1293 914 1314 ‚
948 1276 1041 1322 quae
1053 1263 1284 1327 unicuique
1309 1261 1436 1325 quod
1450 1264 1616 1309 rectum
1627 1260 1892 1316 effet,0sten·

131 1325 233 1373 dere
251 1323 524 1374 credebatur.
545 1327 801 1377 Ammianus
810 1324 1092 1380 Marcellinus
1110 1327 1167 1372 ita
1177 1327 1229 1373 de
1246 1343 1297 1373 ea
1313 1330 1414 1374 dicit
1425 1346 1437 1383 3
1452 1328 1550 1373 Dea
1561 1327 1620 1374 est
1645 1327 1769 1373 ultrix
1787 1323 1891 1372 faci-

131 1406 290 1436 norum
305 1390 538 1453 impiorum
554 1421 566 1442 ,
585 1389 898 1451 bonorumque
913 1390 1165 1452 praemiatrix
1177 1424 1191 1444 ,
1210 1390 1364 1437 arbitra
1382 1407 1524 1437 remm
1548 1424 1559 1441 ,
1582 1392 1727 1454 regina
1750 1388 1892 1436 causa-

131 1470 253 1509 rum3
273 1470 402 1517 quam
419 1452 647 1516 Theologi
659 1466 819 1499 veteres
830 1451 1045 1516 fingentes
1062 1486 1075 1506 ‚
1087 1453 1266 1517 Justitiae
1293 1453 1422 1500 filiam
1439 1487 1452 1509 ,
1475 1471 1524 1501 ex
1537 1455 1684 1515 *abdita
1705 1456 1886 1519 quadam

131 1519 365 1566 aeternitate
382 1516 621 1564 tradebant
638 1518 652 1570 5
675 1516 821 1562 omnia
846 1515 1088 1579 despet‘Ptare
1103 1533 1283 1565 terrena.
1311 1519 1566 1566 Macrobius
1578 1519 1653 1569 lib.
1667 1537 1697 1566 1.
1724 1522 1886 1566 Satura

132 1581 351 1632 Nemesim
370 1596 526 1628 contra
549 1577 786 1643 superbiam
813 1581 897 1627 coh
912 1612 925 1630 ,
957 1578 1126 1645 esseque
1155 1579 1252 1629 solis
1283 1583 1535 1646 potestatem
1555 1584 1779 1630 arbitratus
1797 1581 1887 1636 (τῆς

134 1651 256 1709 cujus
273 1645 363 1693 haec
380 1661 532 1692 natura
549 1644 597 1690 fit
608 1678 619 1694 ‚
633 1658 678 1691 ut
695 1642 901 1708 fulgentia
912 1641 1112 1692 obscuret
1120 1652 1299 1712 ‚‘&quae
1310 1647 1404 1695 {unt
1412 1649 1455 1693 in
1466 1646 1651 1710 obscuro
1662 1647 1887 1693 illuminet:

134 1713 201 1758 Sic
213 1711 339 1757 etiarm
355 1709 551 1756 Nemetis
562 1725 674 1754 nunc
685 1710 845 1754 ereditas
857 1709 1064 1755 mentium
1074 1709 1355 1758 humanarum
1365 1713 1550 1760 cervices
1561 1713 1807 1776 opprimere
1817 1745 1830 1766 ,
1844 1717 1888 1758 δι

133 1791 336 1824 enervare
346 1774 515 1821 videtur
533 1789 669 1828 3nunc
683 1771 828 1818 bonos
840 1773 894 1818 ab
909 1774 1000 1819 imo
1020 1772 1236 1825 suscitans,
1255 1775 1308 1822 ad
1328 1776 1439 1821 bene
1458 1777 1685 1823 vivendum
1704 1775 1889 1830 extollit,

133 1840 366 1902 Proprium
385 1855 490 1902 ergo
502 1841 592 1899 ejus
604 1852 690 1883 erat
699 1853 853 1882 munus
871 1869 884 1890 ,
903 1854 978 1883 eos
988 1835 1150 1890 ulcisci,
1170 1840 1242 1903 qui
1257 1840 1435 1886 nimium
1451 1844 1494 1886 in
1511 1836 1714 1905 prospera
1728 1841 1888 1885 Fortu·
1937 1872 1943 1875 s

133 1921 188 1952 na
199 1901 486 1968 superbirent.
519 1904 628 1949 Eam
646 1903 789 1948 Po'etae
806 1901 1130 1948 Rhammufiam
1149 1908 1515 1967 cognominarunt
1533 1937 1545 1955 ,
1565 1905 1789 1968 aquodam
1807 1907 1892 1948 At·
1959 1952 1965 1954 b

133 1971 228 2016 ticae
245 1970 365 2020 loco,
381 1966 458 2012 ubi
466 1965 802 2030 pulcherrimum
820 1969 909 2025 ejus
921 1967 1030 2013 Deae
1047 1966 1315 2014 simulacrum
1330 1968 1542 2018 existebat.
1572 1972 1602 2015 E
1614 1968 1736 2015 adem
1749 1967 1888 2013 Adra-

135 2033 212 2080 stia
229 2030 450 2078 dicebatur
466 2049 480 2084 ;
506 2027 634 2091 quod
649 2028 852 2075 Adrastus
867 2030 967 2077 Rex
985 2033 1177 2078 omnium
1192 2034 1358 2094 primus
1376 2036 1416 2079 ei
1439 2032 1647 2096 templum
1679 2031 1886 2096 posuerit.

136 2101 305 2145 Pennas
321 2094 538 2142 huicDeae
553 2091 655 2139 ideo
666 2090 863 2140 vestustas
875 2110 896 2138 a
929 2096 1057 2150 tavit,
1075 2110 1123 2142 ut
1139 2093 1277 2143 adesse
1291 2097 1517 2145 velocitate
1541 2097 1703 2143 volucri
1720 2097 1883 2142 cunetis

137 2159 444 2222 existimaretur
463 2178 474 2206 ε
495 2157 632 2204 eidem
648 2112 990 2220 gubernaculum
1013 2160 1130 2209 dedit
1144 2192 1159 2215 ‚
1195 2166 1388 2208 &rotam
1404 2158 1590 2207 subdidit
1605 2192 1616 2211 ‚
1629 2175 1675 2207 ut
1686 2159 1885 2207 universi-
1907 2180 2041 2222 1m300
2053 2183 2100 2225 ,5
2118 2194 2139 2222 a

137 2239 270 2272 tatem
285 2240 433 2288 regere
448 2238 552 2286 ,per
578 2220 786 2267 elementa
807 2221 1044 2271 discurrens
1075 2227 1353 2279 omnia,non
1363 2226 1645 2289 ignoraretur.
1682 2225 1885 2270 Hancin-
1991 2216 2014 2237 ⁹
2054 2236 2056 2239 ·

138 2288 332 2336 terdum,
343 2303 427 2334 una
441 2303 568 2332 manu
589 2283 768 2330 fraenum
784 2317 800 2339 ,
828 2285 957 2333 altera
966 2286 1208 2334 mensuram
1232 2289 1365 2336 cubiti
1381 2304 1597 2336 tenentem
1613 2286 1887 2338 effinxerunt,

139 2354 234 2398 non
247 2351 400 2416 linguae
421 2348 600 2396 fraenum
614 2349 809 2408 injicere,
828 2352 937 2396 acin
955 2350 1160 2400 omnibus
1179 2350 1373 2402 mensura
1388 2354 1450 2401 uti
1468 2352 1631 2402 debere
1644 2386 1661 2412 ,
1687 2353 1808 2419 quod
1819 2353 1887 2399 di-

139 2412 295 2465 sticurn
310 2413 422 2480 apud
433 2415 618 2460 Graecos
635 2412 764 2458 docet
781 2411 851 2468 3id
861 2414 920 2462 est
931 2417 1024 2467 tale.

268 2485 293 2530 η’
312 2496 476 2540 Nepam·
491 2475 658 2540 προλὲγω
675 2496 716 2522 το
731 2495 849 2537 maxe-¹
864 2511 877 2530 ,
911 2499 965 2525 τω
981 2501 1023 2527 π
1039 2498 1208 2543 xanta,
1266 2483 1278 2487 V*

336 2543 399 2590 Mi}
415 2547 618 2604 οἰμέτςοντι
643 2541 847 2599 πολεῖν-μὴτ
869 2548 1052 2606 cixanem
1068 2547 1190 2603 λέγὲιν.
1213 2547 1320 2596 Hoc
1335 2545 1396 2598 est
1406 2567 1423 2606 ;

222 2635 231 2638 -
274 2609 447 2661 Praedtco
457 2607 532 2652 haec
539 2609 716 2667 Nemesis
724 2612 872 2665 norma
867 2614 999 2671 simul
1005 2610 1144 2675 hisque
1149 2617 1317 2679 lupatis,

342 2674 443 2720 Non
452 2670 602 2734 effrena
610 2673 747 2736 loqui,
763 2678 817 2729 ά·
826 2676 990 2739 mlfieri
997 2675 1144 2741 algfque
1157 2677 1285 2724 modo.

709 2748 723 2749 ’
1231 2743 1267 2790 Β
1281 2740 1309 2788 b
1342 2756 1369 2794 z
1781 2746 1893 2792 Pau-
