2279 2938
127 847 229 881 Luna
240 850 315 892 prae

128 899 175 947 est
181 900 301 949 parcnt
306 926 312 933 .

355 47 437 146 ‚aa
594 99 603 101 >
743 75 1096 128 nimitum
1147 67 1280 142 Qui
1314 75 1395 145 A}
1439 76 1721 146 ANTIQ‘

376 164 522 224 Hujus
559 157 619 206 rei
654 156 801 204 eadem
828 155 1133 221 potestssafferri*
1153 189 1164 206 ‚
1192 173 1284 221 qua:
1295 154 1481 219 superius
1500 192 1514 212 ‚
1538 158 1639 203 ‘cum
1652 153 2132 220 diceremisseur'MuJ

376 228 519 273 lorum
553 224 660 288 bigis
700 224 938 269 venaretur
969 242 981 279 ;
1014 239 1167 286 nempe
1194 222 1305 285 ¹quia
1332 220 1421 268 haee
1458 223 1647 269 animalia
1679 220 1931 271 sterilitatem
1958 223 2129 298 siguis-ij

323 338 334 343 ,
378 306 603 338 cant:nain
621 321 633 340 ,
646 302 693 333 ut
710 287 957 351 Xenophon
969 283 1108 332 scribit
1120 320 1131 340 ,
1150 292 1189 333 δι
1210 287 1401 349 quotidie
1422 285 1516 332 fieri
1531 304 1612 333 nos
1629 286 1819 343 videmus
1836 301 2009 344 {Jtauns
2029 286 2129 335 viri-

376 356 429 402 lia
447 351 767 401 abscinduntur,
794 353 979 416 utmagis
1005 353 1187 404 cicures,
1224 355 1266 396 ἃ
1294 348 1345 396 ad
1365 365 1482 397 terrae
1505 352 1663 397 cultum
1681 354 1866 414 aptiores
1877 353 2126 410 reddantur,

378 437 474 466 cuin
492 416 632 464 tamen
648 417 778 481 prolis
788 417 1175 480 procreationinon
1193 413 1270 458 sint
1281 415 1456 479 amplius
1474 415 1634 461 idonei:
1648 418 1712 463 vel
1723 415 1809 462 hoc
1825 417 1975 463 animal
2002 421 2161 464 Limes*

379 482 438 530 est
458 481 617 529 sacrum
641 497 818 544 propter
835 497 1047 527 cornuum
1068 478 1376 525 similitudinem
1395 499 1408 535 3
1441 497 1537 525 nam
1569 481 1629 540 in}
1639 484 1676 543 ej
1684 497 1729 525 us
1746 480 1969 528 simulacro
1983 515 1996 535 ,
2010 479 2133 546 quod

379 545 629 612 Nymphain
647 543 876 595 referebat,
905 546 992 590 duo
1012 544 1153 590 brevia
1162 559 1324 590 cornua
1341 543 1665 609 effingebantur.
1691 546 1748 592 Et
1768 546 1878 609 apud
1901 547 2135 609 AEgyptios
2187 556 2195 557 ’

381 615 512 659 Lunae
533 611 616 658 bos
627 610 870 659 dicabatur,
909 610 974 655 cui
990 624 1037 654 ut
1048 609 1200 654 Plinius
1217 607 1286 654 lib.
1313 606 1548 658 inscribit,
1582 609 1742 673 insigne
1755 612 1798 656 in
1809 610 1986 657 dextero
2004 610 2134 656 latere

382 677 604 724 candicans
636 675 825 721 macula,
860 673 1062 720 cornibus
1097 676 1256 726 Lunae,
1291 670 1473 719 crescere
1509 674 1761 738 incipientis.
1835 674 1989 721 Eidem
2006 675 2131 720 etiam

334 767 341 770 ·
383 739 619 788 semestrem
632 740 791 786 bovem
808 735 1115 786 sacrificabant,
1153 737 1353 783 cumfiliis
1371 754 1515 784 recens
1526 741 1629 785 natis
1641 740 1816 785 nomina
1832 739 2103 803 imponerent
2120 770 2132 788 ‚

381 804 561 870 septimo
572 801 724 850 scilicet
737 803 789 850 ab
802 819 898 850 ortu
911 802 975 848 die
986 835 999 855 ‚
1034 802 1098 846 vel
1110 800 1277 846 decimo
1288 835 1300 854 ‚
1334 799 1561 852 seeundum
1573 804 1752 850 aliorum
1767 800 2135 849 sententiainHoe

381 871 553 926 honore
578 884 738 932 veteres
770 873 935 914 Lunam
959 865 1199 911 afficiebant
1215 899 1228 919 ,
1262 863 1376 912 forte
1401 899 1412 916 ,
1448 881 1494 912 ut
1510 869 1659 931 gratias
1671 882 1871 931 agerent,
1904 868 2135 932 quodejus
2201 918 2204 919 ⁷

384 932 829 1000 operastetusmature
846 929 1062 995 prodiisset
1079 931 1289 984 inlucem3
1310 948 1405 976 nam
1427 934 1546 987 Luna
1563 950 1659 978 cum
1672 932 1720 978 sit
1735 931 1908 979 humida
1905 966 1949 992 >
1953 940 2137 996 ,partum

380 1001 484 1063 saepe
496 999 767 1051 celeriorem,
802 995 1123 1059 facilioremque
1141 996 1288 1042 reddit.
1360 1000 1509 1061 Qare
1534 1014 1632 1043 cuin
1651 998 1850 1044 mulieres
1863 998 2134 1061 parturirent,
2160 1014 2164 1015 ⁷
2185 1013 2187 1015 ·

381 1069 471 1128 ejus
496 1080 625 1127 opem
649 1061 936 1126 implorabant
966 1094 979 1114 ,
1015 1076 1108 1105 eam
1138 1061 1343 1105 Lucinam
1369 1077 1690 1125 nuncupantes,
1725 1079 1815 1126 quo
1833 1064 1945 1116 cito,
1979 1058 2138 1127 absqtse

380 1130 469 1177 ullo
488 1122 722 1174 discrimine
732 1143 779 1172 ea
802 1123 958 1172 foetum
982 1126 1024 1170 in
1040 1123 1179 1170 lucem
1197 1123 1445 1173 extraheret.
1492 1171 1494 1176 ,
1515 1125 1596 1172 Sed
1617 1126 1738 1190 quod
1754 1127 1947 1172 mulieres
1962 1127 2004 1172 in
2027 1126 2137 1190 pari-

383 1193 498 1241 endo
517 1194 702 1240 Dianam
719 1191 922 1241 Lucinam
941 1191 1144 1236 invocent
1155 1222 1166 1238 ,
1200 1187 1449 1250 hujusmodi
1459 1190 1588 1238 exstat
1603 1188 1768 1246 fabula;
1803 1208 1850 1237 ea
1865 1189 2000 1237 statim
2011 1205 2137 1255 atque

385 1277 436 1306 ex
456 1262 630 1305 Latonae
647 1271 771 1302 utero
789 1252 1035 1308 emersisset,
1071 1253 1123 1299 ad
1139 1269 1317 1298 matrem
1337 1252 1558 1309 conversa,
1593 1256 1630 1301 ei
1649 1254 1702 1301 ad
1721 1255 1898 1302 alterum
1920 1252 2079 1307 foetum
2094 1272 2141 1311 e·

383 1323 625 1371 ducendum
641 1355 654 1376 ,
689 1337 820 1385 opem
846 1319 939 1366 tulit
958 1338 967 1365 :
988 1328 1118 1384 quare
1143 1319 1246 1364 olim
1271 1320 1474 1364 Lucinam
1493 1319 1704 1374 orabant,
1719 1334 1785 1367 -ut
1808 1320 2139 1384 periclitantibus

387 1388 633 1435 mulieribus
652 1383 828 1450 praesens
856 1381 1010 1430 adesset
1024 1417 1035 1434 ,
1057 1400 1148 1448 quo
1174 1382 1366 1430 manibus
1392 1382 1472 1430 suis
1490 1382 1692 1431 inclusum
1708 1382 1865 1431 foetum
1883 1383 2137 1435 excluderet,

387 1470 516 1518 quam
534 1469 664 1517 opem
674 1450 756 1515 ipsa
767 1445 1431 1513 matriparturientipraestitiss‘et..
1483 1452 1640 1514 Neque
1657 1442 1967 1505 Dianasolum,
2001 1445 2069 1495 sed
2093 1465 2140 1494 e-
2167 1452 2170 1453 ⁷

383 1522 485 1565 tiam
495 1520 615 1582 Juno
629 1546 640 1566 ,
672 1512 902 1562 utinferius
918 1513 1179 1567 videbimus,
1215 1514 1373 1558 Lucin‘a
1383 1511 1441 1560 est
1450 1509 1768 1578 cognominata.
1834 1513 1919 1576 Alij
1931 1512 2156 1559 existima-⁷

383 1582 487 1630 bant
518 1596 710 1627 neutram
755 1581 814 1625 ita
851 1578 1156 1626 nominandam
1180 1611 1194 1633 ‚
1238 1574 1309 1626 sed
1349 1578 1469 1625 aliam
1505 1579 1716 1643 quandam
1748 1578 1967 1625 mulierem
1998 1611 2010 1628 ‚
2047 1592 2140 1640 quae

385 1647 517 1712 usque
545 1646 598 1693 ab
632 1644 930 1709 Hyperboreis
969 1643 1189 1689 montibus
1214 1643 1376 1688 Delum
1412 1676 1426 1698 ,
1461 1640 1669 1708 suppetias
1693 1647 1870 1689 Latonae
1896 1642 2141 1707 parturienti

390 1714 521 1759 latura
539 1711 704 1758 advenit
723 1729 733 1755 :
751 1708 932 1771 indeque
950 1707 1003 1753 ad
1013 1708 1108 1753 alias
1120 1722 1264 1772 gentes
1276 1712 1364 1770 ejus
1381 1725 1541 1754 nomen
1552 1714 1594 1756 &
1606 1707 1741 1754 cultus
1751 1710 1934 1754 manavit
1950 1739 1963 1760 ,
1988 1721 2035 1753 ut
2045 1705 2141 1752 ubi*

392 1790 476 1842 que
487 1777 524 1823 ei
539 1777 719 1840 templa,
753 1791 830 1820 arae
846 1772 1072 1837 statuaeque
1083 1771 1427 1819 consecrarentur
1439 1807 1452 1827 ‚
1465 1787 1511 1819 ut
1527 1790 1620 1836 quae
1645 1774 1840 1818 omnium
1850 1777 2052 1819 Deorum
2069 1788 2143 1817 ora

390 1857 484 1890 tum
503 1837 741 1902 praeceffisse
766 1853 1012 1902 putaretur,
1047 1854 1143 1883 cum
1172 1840 1260 1899 ejus
1286 1854 1371 1901 ope
1387 1851 1506 1901 ‘opus
1531 1833 1788 1891 habuissent,
1823 1851 1870 1883 ut
1884 1837 1928 1882 in
1945 1836 2081 1882 lucem
2097 1852 2145 1882 e-

385 1912 598 1958 derentur.
660 1909 711 1951 In
729 1920 856 1967 quam
866 1899 1109 1948 sententiam
1121 1902 1276 1965 Lycius
1294 1903 1628 1967 quidanipoeta,
1662 1900 2025 1966 quemadmodum
2037 1904 2144 1948 Pau-
2165 1913 2168 1915 ’

381 1967 513 2024 sanias
532 1966 662 2017 refert
677 2002 691 2023 ,
723 1969 767 2014 in
781 1967 968 2030 hymno,
1004 1983 1131 2030 quem
1149 1964 1357 2028 scripsitin
1370 1967 1579 2020 Dianam,
1613 1983 1706 2011 eain
1725 1966 2025 2019 dicit‚Saturno
2037 1967 2146 2011 anti-
2188 1993 2196 1996 -

386 2040 583 2105 quiorem
601 2053 614 2089 3
647 2028 1239 2097 quibusdamquenominibus
1249 2036 1342 2076 eam
1355 2029 1523 2094 insignit
1537 2063 1552 2084 ,
1586 2030 1740 2094 quibus
1759 2030 1978 2077 existimari
2001 2029 2143 2091 possit,

392 2119 487 2151 eam
500 2101 550 2146 de
558 2106 784 2153 Parcarum
798 2113 979 2142 numero
995 2092 1194 2144 fuisse,hae
1205 2095 1317 2140 enim
1333 2095 1462 2159 longe
1471 2095 1696 2141 maximam
1715 2094 1790 2141 fibi
1815 2110 1977 2159 partem
1995 2094 2154 2142 vendi--

395 2181 492 2216 cant
507 2166 550 2211 in
560 2162 789 2227 partubus,
824 2174 871 2207 ut
887 2157 962 2206 suo
977 2159 1081 2206 loco
1098 2159 1300 2205 dicemus.
1319 2160 1402 2206 Sed
1419 2160 1537 2206 anxia
1555 2160 1677 2205 nimis
1691 2157 1938 2220 rhiijusDeae
1946 2159 2142 2214 Lucinae,

397 2229 587 2279 cuimodi
612 2244 660 2272 ea
683 2224 809 2271 fuerit
832 2258 843 2275 ‚
879 2240 949 2271 aut
966 2224 1078 2271 unde
1096 2220 1306 2270 emerserit
1329 2223 1682 2288 pervestigatione
1692 2223 1775 2270 aliis
1789 2224 1957 2279 relifilba,
1990 2223 2044 2269 ad
2055 2227 2145 2286 ejus

391 2295 609 2345 simulacra
619 2290 889 2354 exprimenda
897 2288 1168 2341 accedamus3
1187 2303 1278 2352 quae
1288 2287 1398 2352 apud
1411 2287 1685 2336 Athenienses
1698 2305 1796 2343 ‚non
1805 2287 1878 2335 nisi
1895 2289 2008 2335 tefta
2025 2288 2147 2335 vide·

394 2363 572 2412 bantur,
606 2351 1038 2403 mnan-atPausanias.
1106 2355 1209 2416 Ejus
1221 2351 1473 2418 statuaapud
1484 2351 1653 2400 eosdem
1671 2369 1760 2400 erat
1776 2353 1877 2400 rude
1894 2354 1921 2399 li
1953 2365 2147 2407 nummu:
2193 2385 2208 2387 »

395 2417 895 2489 aliquidhujusinodi‚nisi
913 2417 1032 2481 quod
1050 2418 1230 2482 aliquam
1247 2413 1431 2464 mulieris
1447 2419 1626 2483 speciem
1641 2416 1912 2465 informatam
1960 2418 2115 2464 abebat
2129 2450 2145 2468 ‚

390 2491 435 2539 id
460 2490 619 2552 semper
644 2501 732 2532 erat
755 2483 939 2538 testum,
976 2499 1054 2527 nec
1067 2483 1185 2528 ullius
1212 2500 1418 2547 umquam
1441 2481 1675 2547 aspectibus
1691 2485 1840 2548 patuit.
1903 2485 1953 2529 In
1963 2482 2147 2547 quadam

391 2555 563 2603 Achaiae
581 2566 699 2617 parte
716 2548 920 2612 templum
952 2546 1069 2597 valde
1089 2545 1297 2593 vetustum
1321 2546 1446 2610 hujus
1469 2550 1578 2595 Deae
1598 2545 1786 2597 exstabat
1807 2582 1822 2604 ,
1855 2546 1931 2594 ubi
1959 2549 2145 2611 ligneum

394 2619 660 2666 simulacrum
671 2613 974 2664 ostendebatur
989 2646 1002 2666 ,
1037 2608 1106 2657 sed
1121 2626 1262 2657 tamen
1273 2609 1400 2658 facies'
1417 2646 1432 2667 ,
1466 2629 1614 2659 manus
1626 2627 1753 2676 atque
1765 2611 1894 2677 pedes
1905 2626 2024 2659 erant
2034 2627 2147 2663 mar-

396 2687 556 2736 moreh
589 2696 736 2728 caetera
751 2678 943 2725 membra
955 2678 1068 2723 lineo
1093 2676 1190 2738 velo
1208 2675 1548 2741 obtegebantur3
1583 2688 1784 2739 manuum
1794 2677 2147 2735 alterairireetum

389 2746 719 2813 porrigebatur,
738 2743 840 2795 nihil
867 2738 1125 2797 tene1133sed
1141 2740 1267 2790 clavis
1301 2757 1392 2792 non
1416 2739 1592 2790 absurde
1607 2738 1810 2807 potuisset
1829 2740 1939 2794 addi.
2002 2738 2152 2791 Festus·
2178 2762 2180 2764 ·

2037 2821 2151 2855 m
2190 2814 2195 2816 ,
