2279 2938
82 917 253 955 Anthoris

325 96 390 152 16
731 86 1071 143 DEORUM
1110 85 1265 153 .Q.H
1303 83 1391 132 AB
1438 83 1779 152 ANTrQ'g

334 182 565 233 llicaelestes
578 181 705 229 animi
751 215 766 238 ‚
781 181 835 228 ab
853 178 976 228 omni
990 177 1172 223 materiae
1193 175 1398 239 contagio
1419 169 1616 236 sejunffi:
1635 167 1815 219 eandem
1845 169 1964 228 dicit,
1996 186 2106 221 tem.

337 267 448 317 pora
457 247 796 313 suppeditantem
808 260 953 309 ‚atque
962 239 1101 289 rursus
1116 243 1160 287 in
1172 239 1213 288 se
1231 253 1505 289 revocantem
1520 243 1649 286 ?cum
1663 236 1731 299 illa
1745 237 1843 283 inde
1853 236 2113 301 profeekaac

334 316 510 381 perenni
525 312 715 377 quodam
725 311 835 359 orbe
848 305 1313 361 ci1·cumdu6ta,e0dem
1321 303 1658 359 revolvantur‚ut
1667 303 1821 349 iterum
1835 301 2019 353 indidem
2028 302 2114 350 flu.

335 378 552 442 antzidque
561 377 686 429 tacite
703 373 998 425 aelatenterfit
1012 407 1027 427 ,
1039 389 1094 418 eo
1112 370 1233 436 quod
1241 369 1370 416 nobis
1389 386 1444 416 ne
1468 367 1758 434 cogitantibus
1776 366 1949 430 quidem
1964 363 2113 418 senfim

336 459 432 492 aetas
450 443 614 490 labitur.
636 444 846 489 Naturam
857 438 1009 486 assidue
1027 436 1216 501 plurima·
1234 432 1545 481 circumuolant
1555 434 1715 487 animae3
1729 431 1934 496 quoniam
1944 449 1998 478 ea
2008 449 2115 478 cun-

338 511 418 556 &is
445 506 724 554 animantibus
738 508 867 554 vitam
882 499 1164 550 subministrat
1179 534 1194 555 ,
1211 499 1274 546 hae
1293 495 1515 563 corporeis
1530 496 1677 563 postea
1693 495 1867 544 vinculis
1877 492 2021 543 solutae
2037 529 2051 551 ,
2068 497 2114 543 in

337 573 595 622 AEternitatis
612 571 650 617 se
677 573 886 636 gremium
905 567 1092 614 abdunt:
1109 565 1231 630 quod
1245 579 1404 610 naturae
1422 580 1554 628 opera
1564 561 1613 609 sit
1623 595 1638 618 ‚
1655 579 1750 626 quae
1766 561 1894 608 vitam
1911 559 2112 608 universis

339 636 818 701 elargitur,eandemque
833 634 955 682 certis
968 629 1104 696 spatiis
1117 627 1473 693 circumscriptam
1485 625 1622 674 aufert
1637 632 1656 673 ?
1671 625 1862 690 ideoque
1885 642 1981 673 ante
1990 623 2111 673 for&

337 702 626 750 AEternitatis
643 700 845 748 statuitur.
880 702 1013 746 Senex
1029 729 1042 750 ,
1076 695 1208 759 quiin
1224 709 1348 740 antro
1370 709 1575 739 numeros
1600 690 1747 738 dividit
1760 690 1876 737 astris
1891 724 1906 746 ‚
1924 707 2016 738 non
2034 690 2112 737 ab·-

337 765 459 814 surde
475 783 556 831 pro
575 767 680 812 Deo
700 766 895 830 ponitur,
915 778 1005 810 non
1023 760 1144 825 quod
1159 758 1210 805 fit
1226 775 1370 806 revera
1385 756 1542 817 senex(
1558 755 1667 802 nulla
1678 755 1789 803 enim
1806 757 1850 801 in
1859 773 1923 802 res
1935 771 2109 803 aeternas

337 833 466 879 aetatis
492 828 727 877 differentia
757 829 867 876 cadit
883 831 907 885 )
944 842 1092 874 verum
1117 825 1215 888 quia
1238 838 1321 870 nos
1347 823 1569 887 longaevos
1594 818 1710 867 senes
1736 819 1879 867 nostra
1903 819 2111 885 loquendi
2150 880 2152 884 Ι

339 893 642 944 consuetudine
667 894 806 941 dicere
822 891 1042 940 soleamus.
1072 889 1176 942 Sed,
1194 904 1290 934 mea
1307 887 1482 951 quidem
1497 883 1718 940 sententia,
1739 881 1861 932 senex
1874 884 1945 932 'ille
1969 883 2108 931 fatum

77 971 249 1019 ftmenria
269 967 316 1014 ό·
341 960 468 1007 nobis
499 957 763 1023 repraesentat
778 993 791 1013 ,
825 956 946 1023 quod
971 952 1100 1003 fasces
1125 952 1300 1001 Phoebo
1325 949 1551 1002 submittit,
1570 968 1669 997 cum
1694 948 1735 997 se
1751 949 1803 996 ad
1827 951 1936 996 antri
1953 948 2110 997 ostium

81 1025 256 1071 judicium

90 1658 222 1712 Imago
241 1669 311 1698 ιιι,

342 1023 441 1072 sistit
456 1056 471 1076 ,
498 1040 625 1086 quem
635 1041 716 1087 pro
734 1025 840 1069 Deo
849 1020 1117 1084 intelligimus
1129 1017 1237 1066 licet.
1254 1023 1326 1065 De
1336 1013 1488 1063 stcculis
1499 1049 1511 1067 ‚
1529 1015 1632 1080 quid
1644 1013 1879 1080 significent
1888 1048 1902 1069 ,
1921 1032 2018 1062 cum
2030 1031 2109 1061 eo-

343 1105 440 1135 rum
465 1089 687 1151 explicatio
707 1086 909 1133 omnibus
927 1085 982 1135 stt
998 1080 1217 1147 perspef’ca
1233 1115 1245 1132 ‚
1270 1082 1373 1128 nihil
1397 1081 1620 1127 Buccatius
1639 1080 1768 1126 dicit?
1787 1085 1830 1127 &
1860 1096 1943 1126 nos
1967 1075 2107 1127 dicere

346 1152 594 1199 omittemus
612 1185 626 1206 ,
643 1150 695 1197 ad
714 1151 1118 1214 Satnrniimaginem
1133 1145 1342 1193 tranfituri
1351 1179 1366 1201 ,
1384 1162 1513 1210 quem
1529 1161 1612 1209 pro
1634 1159 1832 1209 tempore
1847 1159 2010 1191 veteres
2022 1161 2105 1209 po-

346 1216 515 1263 suerunt
524 1249 543 1272 ,⁷
558 1215 610 1262 de
622 1233 711 1280 quo
726 1213 911 1280 superius
921 1248 934 1269 ,
950 1230 1051 1261 cum
1067 1211 1120 1258 de
1136 1212 1384 1259 AEternitate
1404 1211 1705 1274 loqueremur,
1724 1209 1863 1255 dicere
1875 1210 2106 1273 coepimus.

346 1282 569 1328 HaRenus
588 1297 691 1327 vero
716 1279 766 1328 stt
782 1279 834 1326 de
844 1279 1093 1328 AEternitate
1113 1276 1274 1323 dietum
1292 1309 1305 1330 ,
1336 1292 1466 1340 quam
1485 1274 1596 1320 meis
1619 1272 1687 1320 his
1712 1272 2107 1324 elucubrationibus
2128 1290 2133 1291 ⁷

346 1346 392 1391 in
408 1360 595 1391 mentem
612 1361 845 1409 numquam
860 1345 976 1391 venit
991 1357 1142 1407 optare
1160 1361 1172 1398 ;
1201 1341 1328 1404 cupio
1348 1340 1521 1403 quidem
1542 1353 1678 1397 certe,
1696 1352 1744 1386 ut
1764 1339 1838 1404 qui
1849 1337 2106 1404 elargiripo-

344 1408 425 1456 test
438 1442 453 1465 ‚
470 1410 505 1456 is
515 1410 642 1458 vitam
661 1409 842 1475 aliquam
859 1406 1115 1474 aliquamdiu
1132 1405 1314 1469 benigne
1334 1401 1520 1451 sufficiat.

812 1496 949 1566 DE
1025 1490 1674 1561 SATURNO.·

479 1611 625 1654 Rimus
638 1605 692 1653 ab
707 1606 862 1652 atherio
879 1610 995 1652 venit
1017 1598 1221 1650 Safiirnus
1245 1604 1438 1667 Olympo,

351 1612 619 1769 PArma
634 1671 751 1736 Jow's
760 1672 927 1736 fugiens
944 1703 958 1724 ‚
985 1675 1036 1723 ὠ·
1051 1673 1181 1735 regnis·
1194 1668 1310 1728 exsul
1326 1667 1535 1732 ademptis.

479 1741 519 1783 Is
524 1755 652 1804 gemu
668 1736 853 1785 indocile,
871 1752 920 1781 ac
929 1734 1141 1798 dtjperfitm
1156 1731 1356 1778 montibm
1364 1734 1472 1779 alnis.

351 1803 578 1869 Composita·
596 1835 611 1856 ‚
630 1800 803 1867 kgeffiue
817 1799 925 1844 dedit
940 1831 955 1854 ,
976 1803 1203 1861 latiumque
1218 1801 1364 1843 vocari

349 1870 526 1918 Maluit
539 1899 553 1921 ‚
572 1864 632 1911 his
655 1869 850 1929 quoniam
864 1862 1036 1921 latuiffi’t
1066 1877 1179 1908 tutus
1189 1866 1236 1908 in
1263 1866 1371 1909 oris:

348 1937 577 1995 Aureaque
604 1930 674 1991 (ut
683 1928 896 1995 perhibent
903 1932 929 1986 )
941 1929 1005 1972 illo
1010 1926 1092 1987 sub
1117 1944 1205 1994 rege
1215 1933 1335 1986 fuere

350 1999 496 2042 Saecula
534 2014 548 2039 :
566 1997 627 2056 fic
635 1993 798 2060 placida
808 1994 972 2059 populos
997 1996 1042 2036 in
1052 1990 1332 2057 pacerqgebat.

348 2064 413 2107 Ita
422 2059 620 2122 Virgilius
632 2058 683 2103 de
698 2061 881 2102 Saturno
896 2056 1087 2120 loquitur
1102 2055 1290 2102 fabulam
1306 2051 1489 2101 historiae
1497 2050 1748 2120 permiscens
1759 2073 1772 2111 ;
1784 2070 1897 2109 nam,
1911 2053 1940 2102 si
1951 2053 2018 2103 rei
2028 2058 2103 2104 ve-⁵

353 2125 526 2170 ritatem
548 2123 743 2185 indagare
760 2121 960 2174 velimus,
978 2120 1289 2183 comperiemus
1308 2152 1320 2170 ,
1341 2122 1566 2166 Saturnum
1583 2121 1723 2185 aJove
1739 2119 1831 2166 filio
1849 2152 1864 2176 ,
1876 2119 1899 2166 ἐ
1911 2121 2098 2177 Graecia,

352 2188 428 2234 ubi
451 2186 654 2251 regnabat
671 2219 683 2239 ,
695 2183 857 2249 pulsum
875 2217 890 2238 ‚
909 2184 952 2230 in
977 2183 1138 2230 Italiam
1154 2180 1323 2248 apuliffe
1341 2216 1355 2238 ,
1375 2181 1445 2230 sed
1461 2188 1604 2232 Poetae
1621 2201 1703 2248 pro
1721 2201 1844 2231 more
1863 2181 1938 2231 suo
1954 2184 2102 2232 fictio-

348 2252 474 2298 nibus
494 2267 583 2297 rem
599 2248 728 2314 ipsam
753 2248 1073 2295 adumbrarunt.
1138 2251 1244 2295 Sunt
1255 2248 1367 2294 enim
1382 2245 1559 2295 fabulati
1581 2281 1594 2299 ‚
1618 2253 1842 2295 Saturnum
1860 2246 1884 2295 ἐ
1908 2248 2024 2296 coelo
2055 2252 2103 2295 in

331 2314 485 2362 terras
509 2313 533 2361 ὲ
549 2315 639 2360 filio
658 2311 932 2358 deturbatum
964 2330 976 2366 ;
1009 2313 1180 2359 Graecia
1206 2314 1319 2359 enim
1342 2329 1443 2359 cum
1475 2312 1529 2360 ad
1561 2313 1775 2359 orientem
1793 2328 1938 2378 vergat
1956 2345 1968 2364 ‚
1984 2314 2104 2360 Italia
2153 2346 2159 2347 ν

349 2378 411 2427 est
428 2380 554 2425 altior
571 2411 585 2434 ‚
619 2394 711 2442 quae
730 2375 781 2422 ad
805 2374 1074 2422 occidentem
1091 2376 1151 2424 est
1171 2374 1256 2426 fita.
1312 2377 1415 2423 Illuc
1439 2393 1545 2442 ergo
1582 2380 1782 2424 Saturnus
1802 2376 1898 2424 casu
1921 2376 2100 2433 delatus,

347 2442 403 2490 ad
421 2445 578 2507 Janum
603 2439 643 2488 se
661 2440 868 2494 contulit,
895 2440 969 2503 qui
1002 2439 1045 2485 id
1070 2442 1277 2505 temporis
1294 2440 1355 2488 ibi
1375 2441 1579 2506 regnabat
1588 2471 1599 2498 ;
1616 2441 1693 2487 ubi
1740 2440 1855 2488 ostea
1875 2439 2023 2488 Roma
2040 2440 2102 2489 est

350 2507 527 2554 condita
546 2541 561 2562 ‚
577 2508 792 2570 vitamque
808 2520 931 2551 more
954 2500 1092 2568 prisco
1110 2505 1260 2552 rudem
1275 2522 1358 2552 una
1374 2522 1473 2553 cum
1490 2506 1566 2552 suo
1587 2459 1752 2571 populb
1771 2506 1823 2552 de
1855 2504 1953 2552 ebat
1966 2540 1982 2561 ,
2001 2521 2100 2554 eum

351 2577 396 2619 ὃ(
431 2571 722 2637 benigniffime
739 2565 924 2633 hospitio
956 2569 1143 2633 excepit,
1164 2566 1212 2617 Sc
1223 2570 1266 2615 in
1276 2571 1396 2634 regni
1416 2586 1593 2634 quoque
1610 2584 1774 2634 partem
1787 2587 1812 2617 a
1841 2567 1956 2620 scivit
1969 2604 1983 2622 ‚
2000 2586 2099 2618 cum

355 2641 401 2682 δὲ
428 2652 630 2700 agrorum
656 2633 939 2682 colendorum
968 2634 1180 2679 rationem
1201 2666 1216 2687 ,
1251 2637 1294 2679 δι
1328 2633 1510 2681 modum
1529 2650 1657 2680 cereae
1680 2635 1867 2699 pecuniae
1886 2634 2100 2697 ‘cudendae

362 2697 606 2749 ostendisset
628 2733 642 2753 ,
666 2714 765 2748 uam
788 2712 910 2746 antea
931 2697 975 2744 in
993 2699 1116 2747 corio
1134 2697 1401 2748 excudebant
1419 2716 1433 2748 a
1452 2701 1602 2769 Qare
1618 2699 1664 2748 in
1695 2699 1823 2756 altera
1837 2697 1955 2747 numi
1977 2711 2099 2761 parte

1950 2776 2065 2811 naVXS
2078 2791 2096 2813 ι
