2279 2938
117 569 286 611 flatantes

361 78 459 139 1921-
782 68 1131 128 DEORUM
1164 53 1287 146 Qu
1312 74 1416 135 AB
1449 71 1729 147 2514er

371 164 532 218 somnis
550 161 608 213 est
625 161 798 215 visus.1n
813 164 982 216 vetustis
992 161 1313 215 numismatibus
1321 160 2118 234 Trajani,Adriani‚aliommt'1u3px-iti.i

374 233 579 298 cipiumG
585 232 706 278 enius
714 244 909 295 pateram.
917 230 1091 279 dextera
1098 246 1224 279 manu
1235 229 1355 297 supra
1366 247 1484 279 aram
1493 231 1716 295 porrigere
1721 239 1916 295 'fingam
1928 228 2122 281 effetser-

372 303 429 345 tis
447 311 625 352 ornata,
649 297 750 344 laeva
765 312 870 344 vero
884 294 1441 362 propendnlumflagellum
1463 329 1478 352 ,
1512 296 1577 344 vel
1594 293 1731 353 simile
1743 295 1967 362 quidpiam
1976 310 2126 347 tenere

374 363 560 414 videtur.
626 360 709 410 Sed
733 365 844 408 enim
857 365 900 409 δε
916 362 960 408 in
976 363 1066 410 aliis
1082 360 1263 409 Adriani
1279 357 1625 426 inscriptionibus
1641 359 1985 426 talisepigraphe
1998 370 2126 426 repe-i

378 430 486 475 ritur
508 460 524 484 ,
558 426 607 474 G
619 426 726 474 EN.
745 430 788 474 P.
805 427 864 474 R.
894 425 970 475 ubi
986 428 1131 492 imago
1150 427 1335 474 cernitur
1351 425 1540 473 hominis
1556 425 1746 472 militaris
1778 443 1792 481 ς
1824 441 1928 472 cum
1942 423 2056 473 veste
2071 425 2145 475 ad·

378 493 511 540 cruris
527 491 713 538 medium
730 490 1039 538 circumvoluta
1061 524 1075 547 ‚
1111 491 1287 539 dextera
1311 506 1498 556 pateram
1513 491 1555 536 in
1571 505 1740 537 morem
1756 486 2031 537 sacrificantis
2046 489 2127 537 ha-
2192 522 2198 527 ι

375 557 506 612 bens,
523 557 625 605 laeva
639 570 782 604 autem
797 571 936 603 cornu
952 557 1119 621 copiae‚·'
1168 557 1322 622 Populi
1339 570 1481 603 autem
1497 555 1691 602 Romani
1708 551 2127 604 Geniusidfortalse

121 628 229 665 Genio
233 624 353 675 Jivcra,
375 637 533 670 numen
550 635 638 669 erat
665 653 678 672 ‚
712 621 756 668 in
773 625 890 683 cujus
905 619 1035 667 tutela
1051 624 1203 668 eorum
1218 619 1322 668 urbs
1346 635 1447 670 erat.
1512 621 1705 666 Genium
1721 619 1843 669 Olim
1859 619 2030 685 platano
2046 637 2127 668 co-

372 687 589 737 ronabant
612 719 626 741 ,
650 684 720 733 sed
744 683 1014 733 &interdum
1029 684 1211 732 floribus
1227 718 1241 741 ‚
1258 698 1305 731 nt
1322 684 1437 749 apud
1452 684 1683 734 Tibullum
1699 684 1855 742 alicubi
1869 683 2028 750 legitur
2044 703 2059 734 ε

503 752 586 820 Ipft
593 752 688 811 fitos
702 752 801 811 adsit
821 754 971 796 Genius
988 751 1152 810 visurus
1167 748 1353 804 honore53
1391 808 1400 809 ἶ

589 822 670 863 Cus·
684 817 864 863 decorem
871 815 1173 878 flanasflorea
1180 814 1292 873 serta
1307 830 1455 871 comas.

374 880 455 931 Sed
482 882 582 944 quia
606 880 820 946 duplictm
843 877 924 926 ess'e
948 880 1141 927 Genium
1165 878 1350 926 diximus
1382 909 1396 928 ‚
1429 893 1476 932 ut
1501 880 1745 928 Socraticus
1769 875 1985 944 Euclyeles
2009 877 2125 944 apud

374 945 658 995 Censorinum
670 944 776 992 velle
792 941 985 1000 videtur,
1002 944 1125 992 dieto
1145 944 1196 990 de
1213 945 1337 991 bono
1352 976 1365 994 ,
1393 958 1511 991 nunc
1523 943 1580 992 de
1595 945 1711 993 malo
1729 945 1878 992 Genio
1895 944 2125 993 Videamus.

117 1009 352 1064 1m230·7÷-³
374 1014 490 1060 Huic
508 1011 666 1058 nullam
682 1009 860 1058 statuam
876 1011 1078 1074 antiquos
1094 1006 1271 1075 posuisse
1287 1011 1525 1073 comperio.
1591 1006 1678 1057 Sed
1708 1025 1851 1056 tamen
1866 1010 2011 1058 multis
2024 1007 2128 1057 fuis-

373 1077 413 1125 se
429 1077 537 1123 visus
553 1077 721 1140 legitur.
789 1079 938 1140 Qare
954 1091 1039 1122 nos
1059 1078 1148 1138 ejus
1164 1071 1347 1139 speciem
1364 1082 1415 1120 ex
1431 1073 1554 1121 variis
1571 1073 1779 1122 Historiis
1794 1074 2125 1139 defignabimus.

371 1140 625 1191 Plutarchus
637 1175 649 1196 ‚
668 1140 895 1204 Appianus
906 1172 919 1193 ‚
945 1157 994 1187 ac
1010 1141 1168 1187 Lucius
1183 1141 1335 1187 Florus
1351 1139 1637 1190 meminerunt
1655 1173 1666 1187 .
1691 1142 1873 1186 Brutum
1905 1155 2004 1200 cum
2020 1157 2126 1205 qua.

372 1207 470 1255 dam
486 1207 618 1254 noste
635 1203 673 1252 se
690 1208 734 1251 in
751 1203 998 1252 cubiculum
1023 1203 1261 1252 includiffet
1273 1239 1286 1259 ,
1302 1202 1444 1251 nescio
1461 1201 1572 1268 quid
1595 1237 1610 1258 ,
1642 1218 1690 1250 ut
1705 1205 1742 1251 ei
1760 1218 1850 1251 erat
1863 1221 1985 1260 mos,
2002 1206 2126 1270 cogi-

370 1288 530 1319 tantem
541 1305 555 1327 ,
573 1268 786 1336 speeirum
801 1267 1027 1334 quoddam
1042 1267 1298 1335 conspexisse
1317 1271 1393 1315 atri
1409 1268 1624 1324 hominis,
1643 1284 1772 1332 atque
1786 1267 2020 1325 horribilis,
2031 1264 2138 1334 qui}

370 1339 496 1384 Tuus
514 1333 601 1382 sum
612 1370 626 1391 ‚
642 1336 784 1399 inquit
799 1337 931 1381 Brute
942 1369 953 1384 ‚
972 1336 1154 1383 Genius.
1196 1335 1400 1381 ‘Valerius
1415 1334 1632 1381 Maximus
1646 1331 1719 1382 lib.
1734 1352 1764 1383 1.
1780 1330 1937 1381 Refert
1952 1334 2011 1382 deff
2022 1333 2137 1390 Cas--

371 1401 433 1448 fio
450 1398 690 1454 Parmensi,
708 1402 784 1463 qui
800 1401 1072 1446 Antonianas
1088 1414 1226 1465 partes
1243 1397 1406 1447 secutus
1420 1431 1438 1453 ,
1464 1397 1518 1445 ab
1536 1398 1734 1460 Augusto
1754 1399 1888 1463 capite
1906 1399 2128 1447 estmulta-

368 1482 440 1514 tus
458 1500 469 1517 ,
497 1483 594 1514 eum
612 1465 756 1528 paucis
774 1478 873 1510 ante
891 1479 1079 1510 mortem
1110 1464 1258 1512 dicbus
1275 1460 1524 1510 existimasse
1539 1462 1590 1510 ad
1607 1461 1647 1508 se
1662 1463 1806 1511 venire
1823 1462 2043 1510 hominem
2059 1465 2127 1510 in-

371 1532 508 1596 gentis
525 1525 830 1593 magnitudinis
858 1562 870 1578 ,
907 1527 1068 1575 coloris
1077 1529 1185 1592 nigri
1196 1561 1212 1583 ,
1229 1526 1414 1592 squalida
1430 1527 1561 1573 barba
1581 1536 1622 1574 &
1640 1526 1796 1592 capillo
1814 1525 1994 1576 demisso
2009 1562 2024 1584 ,
2049 1530 2125 1592 qui

372 1600 659 1660 interrogatus
675 1592 937 1659 responderit
957 1628 970 1649 ‚
994 1591 1033 1640 se
1051 1597 1140 1656 ejus
1163 1593 1320 1643 malum
1336 1594 1531 1639 Genium
1548 1589 1643 1638 ess'e.
1675 1588 1894 1640 Pausanias
1909 1610 1953 1640 in
1968 1594 2125 1641 Eliacis

369 1658 754 1726 posterioribus‚de
771 1657 994 1722 Euthymo
1013 1655 1191 1704 Athleta
1207 1655 1407 1712 scribens,
1425 1671 1583 1710 narrat,
1600 1655 1789 1721 Ulyss'em
1807 1672 2018 1705 errantem
2026 1659 2122 1714 Te-

367 1724 539 1773 meffam
556 1725 685 1772 etiam
699 1723 824 1770 ltaliae
845 1720 1089 1771 urbem'esse
1105 1719 1341 1787 appulsum,
1356 1720 1418 1770 ibi
1436 1721 1489 1768 de
1505 1720 1727 1768 navalibus
1739 1717 1865 1770 sociis
1875 1726 1966 1786 ejus
1977 1739 2127 1777 unum.

368 1793 552 1856 Virgine
569 1805 647 1854 per
678 1792 827 1836 vinum
844 1788 1001 1834 violata
1017 1787 1071 1834 ab
1091 1787 1315 1852 oppidanis
1332 1787 1636 1833 contumeliam
1652 1784 1983 1850 vindicantibus,
2015 1787 2102 1854 lapi
2113 1814 2127 1828 ·

369 1856 498 1903 dibus
514 1855 721 1902 obrutum
739 1873 750 1899 :
780 1850 973 1915 Ulyssem
992 1852 1166 1915 quidem
1177 1887 1189 1904 ‚
1207 1850 1322 1902 nulla
1337 1847 1565 1916 ulciscendi
1581 1851 1687 1898 inita
1701 1852 1886 1905 ratione,
1903 1852 2005 1900 inde
2018 1869 2127 1917 pro..

367 1918 533 1970 fastum
564 1939 575 1967 ε
612 1919 826 1983 perempti
846 1934 953 1964 vero
977 1916 1076 1981 socij
1103 1932 1248 1964 manes
1275 1914 1408 1963 finem
1433 1916 1595 1963 nullum
1619 1913 1875 1970 saeviendiin
1889 1918 2127 1983 cujuslibet

372 1988 506 2035 :etatis
522 1985 719 2032 homines
735 1980 898 2036 feci-ffe,
917 1979 1160 2047 priusquam
1177 1982 1416 2046 cogitantes
1436 1983 1613 2045 patriam
1624 1979 2128 2045 relinquereTemeffen·

368 2052 455 2106 ses,
475 2068 568 2116 qno
587 2065 680 2095 eam
690 2046 852 2110 pestem
862 2046 1102 2111 effugerent
1126 2080 1140 2098 ,
1174 2045 1389 2111 Apollinis
1408 2043 1609 2110 responso
1626 2047 1826 2094 Heroem
1842 2048 2007 2112 placare
2021 2046 2120 2111 juffi

373 2112 491 2165 sunt,
509 2121 553 2163 &
563 2148 577 2170 ,
599 2111 850 2161 consecrato
861 2115 902 2159 ei
910 2109 1003 2159 solo
1014 2147 1027 2164 ,
1045 2113 1252 2177 templum
1275 2112 1478 2166 excitare,
1501 2107 1715 2160 devovere
1732 2113 1774 2158 ei
1791 2128 1990 2176 praeterea
2007 2127 2124 2175 quo-

371 2180 510 2227 tannis
519 2181 595 2225 Vir
601 2181 749 2241 ginum
759 2194 888 2224 unam
899 2211 910 2228 ‚
929 2195 1021 2243 quae
1033 2176 1129 2241 ipsis
1138 2174 1436 2224 formosissima
1446 2171 1527 2223 visa
1538 2172 1654 2229 esset.
1722 2173 1868 2243 Qod
1877 2194 1974 2225 cum
1994 2177 2053 2224 illi
2070 2194 2123 2226 ex

365 2244 550 2293 ⁴oraculo
562 2239 697 2289 facere
708 2257 933 2306 pergerent
941 2276 955 2298 ,
972 2241 1270 2289 nihilomnino
1281 2240 1446 2304 gravius
1455 2238 1595 2305 pallos
1605 2238 1831 2288 effe.Forte
1840 2258 1944 2290 vero
1954 2241 2124 2307 Euthy-

369 2325 493 2357 mum
504 2322 602 2355 cum
611 2304 783 2355 venisset
799 2304 1066 2354 Tremefl'am
1085 2325 1138 2355 eo
1148 2303 1241 2371 ipso
1256 2319 1452 2369 tempore
1463 2338 1477 2360 ‚
1498 2320 1591 2370 quo
1601 2301 1778 2352 solenne
1787 2304 2036 2355 sacrificium
2046 2307 2124 2355 fie-

368 2376 472 2430 bat,
483 2391 528 2421 re
538 2387 633 2421 tota
648 2370 842 2435 cognita,
854 2369 893 2417 se
901 2373 1128 2420 intromitti
1144 2373 1188 2418 in
1202 2369 1410 2435 templum
1427 2366 1650 2433 postulasse
1667 2388 1679 2417 z
1705 2369 1772 2417 Ibi
1791 2371 1997 2437 virginem
2015 2388 2124 2420 con·

367 2439 596 2506 spicatum,
616 2437 757 2502 primo
773 2433 1069 2483 misericordia
1079 2450 1378 2492 commotum,
1397 2433 1552 2482 deinde
1577 2435 1704 2482 etiam
1722 2451 1872 2484 amore
1888 2435 2123 2490 incensum.

368 2506 515 2553 Armis
526 2504 654 2567 igitur
663 2501 795 2565 captis
811 2533 826 2556 ,
845 2517 944 2546 cum
959 2501 1108 2547 Genio
1122 2498 1390 2564 congressum
1407 2520 1422 2544 .·
1436 2499 1554 2547 illum
1565 2500 1740 2555 vieinm,
1751 2502 1996 2559 moenibus,
2010 2508 2053 2551 δι
2072 2519 2119 2549 a·

369 2568 553 2633 grocesfi
559 2565 626 2617 sse,
632 2564 927 2628 sublatumque
936 2561 1106 2630 prorsus
1116 2581 1166 2611 ex
1176 2564 1404 2612 hominum
1413 2579 1545 2618 coetu,
1556 2565 1597 2610 in
1608 2581 1722 2611 mare
1732 2562 1772 2612 se
1783 2563 2017 2614 demerfisse
2027 2585 2038 2613 :
2049 2569 2120 2614 Ac

366 2637 415 2679 in
424 2633 550 2694 hujus
559 2631 760 2679 facinoris
770 2632 995 2696 pnaemium
1007 2630 1220 2695 virginem
1235 2626 1596 2693 viciorinupfifl‘e.
1628 2625 1768 2694 Ipsum
1786 2647 1889 2678 vero
1905 2631 2120 2692 Genium,

370 2698 486 2744 idem
503 2694 816 2749 re'fett,colore
832 2691 950 2741 fuisse
967 2693 1241 2749 vehementer
1257 2707 1352 2740 atro
1367 2727 1381 2749 ‚
1392 2708 1543 2747 caetera
1553 2691 1690 2760 specie
1712 2694 1892 2743 maxime
1908 2693 2116 2742 lormida-
2137 2752 2142 2756 p

359 2762 526 2814 bilem,
541 2761 747 2810 amistum
756 2774 897 2810 autem
912 2759 999 2824 lupi
1015 2759 1168 2825 pellem
1181 2759 1219 2808 ei
1234 2753 1366 2810 ituffess
1941 2759 1975 2808 F
1993 2759 2039 2809 Ο
2050 2760 2118 2809 R-
