2279 2938
354 81 417 133 ἐς
717 73 1076 128 DEORUM
1103 55 1243 147 Qut
1282 74 1373 126 AB
1406 72 1689 144 ANTxQ

359 167 477 216 annis
495 179 591 214 ante
608 165 672 214 M.
700 165 844 212 Livius
861 161 1025 212 Consul
1041 198 1055 220 ‚
1067 182 1158 230 quo
1174 164 1241 211 die
1257 162 1531 212 Astrubalem
1547 198 1559 216 ,
1585 157 1903 229 exercitumque
1920 164 2010 230 eJ'us
2027 167 2111 216 cx:

287 261 291 263 ·
360 232 545 287 cidit‚ut
561 230 689 278 refert
706 231 864 277 Livius.
889 231 1017 277 Hanc
1035 229 1362 295 pulcherrimam
1387 227 1741 276 adolescentulam
1760 229 1941 278 vestibus
1968 235 2108 281 varios

363 298 535 345 colores
561 293 840 342 referentibus
873 309 1068 342 ornatam
1090 328 1105 350 ‚
1123 294 1269 341 floreis
1288 291 1402 340 sertis
1419 293 1658 340 redimitam
1682 294 2046 356 quemadmodum
2063 304 2111 346 &

110 383 336 435 111123072-
365 367 607 411 Pomonam
634 361 826 407 Romani
847 358 1126 425 effingebant.
1177 359 1323 406 Graeci
1346 370 1394 404 ut
1412 375 1506 405 eam
1523 358 1808 423 exprimerent
1831 393 1844 411 ,
1875 376 1946 406 me
1975 361 2108 416 latet3

366 444 465 474 nam
488 422 704 473 Pausanias
731 427 768 472 ei
784 425 828 471 in
844 425 1035 488 quodam
1052 423 1217 487 templo
1241 457 1257 478 ‚
1283 422 1405 487 quod
1422 423 1466 469 in
1491 421 1726 472 Corinthio
1754 439 1859 486 agro
1882 419 1926 469 in
1943 423 2112 488 ‘cupres-

365 490 510 540 sorum
527 490 626 538 luco
638 488 712 554 ipfi
723 503 812 536 erat
828 489 1013 536 dicatum
1029 523 1043 544 ‚
1069 488 1225 535 nullam
1234 486 1417 552 politam
1434 483 1514 534 esse
1525 486 1699 535 statuam
1717 486 1919 552 ait,idque
1931 489 2112 553 quadam

368 573 518 604 arcana
536 555 587 602 de
607 551 724 600 causa
749 587 763 608 ,
799 571 926 618 quam
940 554 1007 600 ille
1033 550 1227 617 proferre
1249 569 1342 600 non
1368 551 1428 599 est
1452 550 1610 607 ausus,
1645 568 1725 598 nec
1749 555 1830 598 'nos
1866 554 1978 617 apud
2008 554 2112 601 alios
2174 568 2177 573 ’

367 618 594 685 scriptores
619 620 917 682 comperimus.
984 618 1065 664 Sed
1081 617 1271 663 maximis
1283 632 1376 663 eam
1400 630 1562 664 veteres
1586 613 2113 681 'prosc-quebanturhono-

370 686 489 733 ribus
501 700 634 741 ynam
653 684 724 747 qui
748 682 800 728 ad
809 686 898 744 ejus
913 684 1143 746 templum,
1159 696 1376 745 tamquam
1387 680 1440 727 ad
1455 678 1610 744 asylum
1623 679 1926 746 confugissent,
1945 685 2111 746 poenas,

372 749 528 814 quibus
545 749 606 795 ob
624 746 691 794 sua
709 746 863 811 flagitia
873 745 1003 793 essent
1012 747 1216 799 obnoxii,
1236 745 1496 810 effugiebant
1521 764 1531 791 :
1558 746 1631 809 qui
1647 743 1786 792 autem
1803 763 1852 791 ex
1873 747 2114 793 carceribus

369 812 583 862 evasissent
597 847 611 869 ‚
638 811 869 875 compedes
889 812 986 858 illuc
1004 809 1311 875 apportabant,
1326 827 1428 875 quas
1439 809 1666 857 arboribus
1685 810 1747 864 ibi
1758 809 1928 859 consitis
1948 808 2118 877 suspem
2181 829 2185 831 ·

364 879 539 928 debant.-
1458 932 1460 935 ι
1974 916 1982 920 ,

476 942 678 990 Tenebat
701 940 867 1006 Apollo
891 939 1086 986 manibus
1113 939 1244 1001 lyram
1263 971 1274 989 ,
1295 952 1343 986 ut
1372 935 1648 988 suavissimum
1683 955 1941 987 concentum
1974 939 2117 988 osten-

118 1016 236 1069 Apollo
248 1019 309 1067 Ly·
354 1006 493 1056 ‘deret
518 1041 529 1058 ‚
548 1024 674 1071 quem
693 1003 990 1053 coeliefficiunt
1012 1038 1026 1059 ‚
1050 1005 1280 1049 maximum
1304 1004 1347 1049 in
1363 1018 1487 1050 motu
1503 1004 1701 1051 ordinem
1723 1002 1929 1053 servantes
1956 1025 1971 1061 3
1996 1010 2116 1069 cujus

116 1085 196 1114 'am
206 1068 352 1110 tenebat.
375 1073 536 1125 ordinis
570 1071 643 1118 Sol
667 1071 726 1118 est
743 1067 861 1117 causa
893 1102 907 1124 ,
942 1086 1037 1116 cum
1057 1070 1169 1114 enim
1194 1085 1395 1115 erronum
1416 1067 1465 1114 sit
1481 1069 1644 1115 medius
1674 1101 1689 1123 ‚
1723 1087 1773 1115 ex
1797 1070 2119 1117 Platonicorum

375 1137 575 1187 sententia
599 1169 612 1190 ‚
655 1149 703 1181 ut
719 1134 973 1182 Macrobius
997 1132 1126 1180 resert
1150 1166 1166 1187 ‚
1193 1134 1356 1180 cunftis
1366 1146 1510 1179 motus
1529 1132 1664 1197 legem
1681 1131 1921 1197 praescribit.
1969 1139 2119 1198 Itaque

375 1198 667 1265 unusquisque
687 1199 877 1247 celeriter
901 1231 915 1254 ,
947 1198 1118 1247 tardeve
1143 1211 1342 1247 movetur
1364 1231 1380 1253 ‚
1409 1214 1494 1262 pro
1514 1215 1563 1244 ea
1578 1214 1707 1262 quam
1732 1197 1809 1249 fibi
1833 1196 1895 1247 sol
1919 1200 2119 1258 virtutem

374 1267 639 1334 ingenerarit.
969 1274 973 1277 ’
1527 1304 1552 1317 ,,
2034 1290 2037 1291 ⁷

487 1332 604 1396 Qia
627 1345 730 1376 vero
760 1325 946 1392 singulos
966 1328 1104 1375 coelos
1126 1326 1306 1392 fingulas
1332 1324 1488 1373 habere
1506 1322 1639 1373 musas
1660 1360 1674 1381 ,
1707 1327 1918 1382 Platonici
1944 1328 2118 1381 volunt,

378 1413 482 1461 quas
501 1401 543 1443 &
563 1395 725 1442 Sirenes
736 1393 947 1440 interdum
967 1393 1178 1457 appellant
1199 1425 1213 1446 ,
1237 1408 1329 1456 quae
1350 1408 1446 1437 cum
1469 1389 1696 1438 suaviffime
1714 1408 1864 1439 canant
1879 1428 1891 1445 ‚
1904 1394 2121 1441 coelorum

377 1475 635 1509 concentum
654 1459 806 1504 imitari
829 1457 1024 1505 videntur
1040 1477 1053 1513 ;
1072 1456 1171 1504 ideo
1198 1454 1598 1520 ApolloMusarum
1617 1456 1701 1502 dux
1718 1490 1729 1507 ,
1749 1473 1845 1503 cum
1870 1456 2009 1521 eisque
2029 1459 2127 1505 affi-.

379 1526 462 1573 due
479 1522 627 1572 versari
638 1523 799 1571 dicitur.
839 1527 987 1588 Qare
1006 1521 1224 1585 quoddam
1241 1520 1448 1584 templum
1467 1554 1481 1575 ,
1515 1519 1881 1584 quemadmodum
1905 1520 2120 1571 Pausanias

320 1608 323 1609 ⁷
376 1589 570 1644 testatur,
584 1584 768 1651 utrisque
785 1585 843 1633 est
859 1586 1115 1635 dedicatum.
1155 1586 1283 1632 Initio
1299 1599 1383 1632 tres
1400 1582 1578 1633 tantumv
1591 1583 1723 1632 Musae
1748 1584 2089 1633 existimabantur
2107 1609 2123 1645 ;

376 1669 552 1720 quarum
565 1654 741 1699 nomina
749 1651 859 1716 apud
870 1653 1053 1698 Graecos
1070 1649 1343 1710 eranthfflsw
1361 1651 1498 1709 Μνήμκ
1509 1682 1520 1699 ,
1541 1649 1661 1696 Λόιδῦ
1677 1683 1690 1705 ,
1709 1667 1800 1714 quae
1813 1651 1922 1714 apud
1933 1668 2013 1698 nos
2022 1655 2126 1698 Me-

377 1721 527 1766 ditatio
544 1752 557 1773 ,
585 1717 823 1770 Memoria,
842 1733 888 1763 ac
900 1717 1063 1762 Cantus
1075 1713 1345 1779 dicipoffunt.
1382 1714 1464 1761 Sed
1490 1715 1649 1760 Pierius
1665 1714 1985 1769 Macedo‚unde
1994 1733 2123 1763 mons

375 1784 538 1834 Pierius
549 1781 608 1828 est
617 1781 754 1827 dictus
764 1814 775 1831 ‚
789 1797 946 1827 novem
957 1778 1037 1826 esse
1049 1777 1192 1826 Musas
1205 1778 1334 1836 (ficut
1345 1776 1559 1825 Pausanias
1571 1774 1742 1840 scribit)
1763 1778 2121 1845 decrevit‚quibus

378 1866 427 1896 ea
442 1847 619 1901 nomina
633 1842 834 1909 imposuit
843 1879 856 1898 ,
869 1861 958 1908 qua‘
970 1843 1116 1908 postca
1126 1841 1216 1890 sunt
1225 1843 1355 1908 vulgo
1366 1857 1545 1906 recepta
1558 1842 1631 1888 Ab
1645 1860 1699 1888 eo
1711 1858 1859 1889 monte
1869 1861 2018 1890 omnes
2029 1846 2123 1893 Pie-

376 1910 625 1964 ridcs,ficu‘ti
641 1910 693 1956 ab
711 1910 797 1955 aliis
809 1909 914 1955 locis
933 1908 1048 1954 aliter
1060 1907 1151 1954 sunt
1167 1923 1427 1972 nuncupatae.
1440 1907 1562 1971 Jovis
1573 1924 1619 1953 ac
1636 1909 1860 1954 Memoriae
1872 1907 1963 1954 filiae
1973 1910 2124 1964 ,item-

374 1994 458 2042 que
468 1973 591 2022 Poesi
608 1980 651 2022 &
667 1973 841 2021 Muficae
857 1969 1024 2038 praeesse
1039 1970 1132 2020 sunt
1149 1972 1551 2035 creditae3quie11im
1566 1972 1740 2034 ingenio
1758 2005 1772 2026 ‚
1791 1989 1838 2018 ac
1847 1974 2055 2020 memoria
2065 1973 2125 2022 est
2167 2000 2172 2001 ⁷

108 2067 305 2118 „Musawm
376 2041 574 2106 praeditus
591 2073 603 2092 ‚
621 2037 742 2084 facile
756 2039 812 2083 ‘in
829 2055 884 2084 eo
901 2037 1064 2084 excellit
1075 2070 1089 2092 ,
1107 2037 1158 2083 ad
1170 2037 1290 2100 quod
1307 2040 1493 2082 animum
1508 2036 1727 2099 appulerit.
1768 2036 1849 2082 Sed
1872 2043 1918 2084 δε
1934 2039 2006 2101 qui
2014 2054 2125 2100 praea

124 2097 266 2173 magos
377 2105 489 2152 clara
507 2117 704 2166 poemata
715 2101 835 2149 facile
844 2100 1008 2166 peragit
1022 2135 1036 2156 ,
1047 2102 1251 2165 propitias
1262 2100 1419 2147 habere
1429 2099 1571 2146 Musas
1584 2100 1749 2148 dicium
1784 2097 1916 2147 Musae
1933 2103 2119 2165 puellari,

384 2176 426 2217 &
439 2166 739 2232 Nympharum
755 2166 1067 2213 habituindutae
1084 2165 1315 2229 finguntur,
1329 2181 1425 2210 cum
1436 2165 1557 2211 variis
1575 2170 1616 2211 δε
1636 2163 1803 2210 diversis
1821 2163 2119 2223 instrumentis,

381 2251 463 2298 pro
474 2233 624 2279 artium
634 2232 797 2276 ratione
816 2265 828 2284 ‚
849 2230 1003 2294 quibus
1022 2227 1201 2294 praesunt
1217 2242 1232 2282 z
1251 2229 1303 2275 de
1312 2230 1521 2293 quointer
1545 2229 1712 2293 Virgilii
1737 2246 1935 2294 poemata
1949 2248 2040 2282 non
2055 2233 2124 2280 in·-

382 2297 603 2353 venustum
620 2294 799 2347 habetur
819 2296 1091 2357 Epigramma
1106 2328 1119 2349 ‚
1132 2290 1251 2359 quod
1269 2290 1578 2358 esthujusmodi
1596 2311 1611 2350 3

490 2362 684 2409 Cel-smine
695 2362 868 2425 Calliope
875 2358 986 2404 ltbris
995 2358 1153 2404 heroica
1162 2360 1348 2406 mandat.

487 2425 572 2473 clm
582 2424 690 2492 gesta
699 2441 842 2478 canens
851 2459 860 2474 ‚
879 2425 1089 2482 transdih's
1097 2438 1277 2490 tempora
1286 2423 1429 2473 reddit.

485 2494 743 2553 ,Dulciloquis
751 2492 924 2535 calamos
940 2488 1434 2556 Eutereflatibus'urget.

484 2558 747 2622 Melpomene
769 2559 921 2618 tragico
929 2552 1306 2616 proclamatmoesta
1329 2553 1469 2602 boam.

465 2635 472 2637 ⁷·
485 2619 733 2685 Terpfichore
755 2618 921 2680 affea‘lus
935 2618 1102 2663 citha-ris
1122 2633 1260 2662 movet
1275 2650 1287 2667 ,
1303 2622 1498 2683 imperat,
1516 2631 1648 2685 auget.

478 2686 639 2731 Plefira
645 2701 786 2753 gerens
797 2687 925 2730 Erato
945 2713 955 2732 ‚
956 2684 1086 2744 saltat
1094 2682 1213 2747 pede?
1226 2684 1564 2741 carminefflultu.

90 1431 237 1484 „Apollo
245 1434 328 1468 Mu-

114 1489 237 1540 sarum
247 1488 329 1524 dux.
