2279 2938
394 106 458 156 τε
755 65 1085 155 DEouuM
1133 96 1270 161 Qu
1308 93 1396 142 AB
1453 95 1730 176 ANT1Q

403 184 778 250 nuncupabantur.
842 185 972 230 Hanc
986 180 1175 231 fabulam
1192 178 1397 230 Eusebius
1417 201 1466 230 ex
1484 175 1714 230 Plutarcho
1733 177 1790 227 ita
1808 174 2106 246 interpretatur
2129 199 2143 237 ;

356 262 368 275 ¹
399 253 592 318 Jtmonis
612 266 660 297 ac
673 250 798 314 Jovis
814 248 944 301 bella,
979 254 1023 296 &
1039 245 1209 295 diffidia
1223 246 1330 294 nihil
1340 248 1451 294 aliud
1465 281 1478 301 ,
1492 263 1622 309 quarn
1639 243 1966 293 Elementorum
1990 248 2149 293 intem-

402 318 566 382 perient
590 313 846 378 fignificant3
860 331 975 378 quae,
987 312 1060 359 nisi
1077 315 1204 358 certis
1221 309 1580 376 proportionibus
1602 324 1982 373 contemperentur
1995 344 2010 365 ‚
2027 323 2152 356 natu-

404 398 450 427 ra
461 396 601 426 rerum
627 378 785 429 soluta,
816 395 1013 442 magnam
1046 377 1274 442 perniciem
1300 372 1512 423 afferumt.
1538 407 1541 410 -
1580 376 1621 421 Si
1645 390 1750 438 crgo
1777 377 1960 438 Iupiter,
1993 374 2037 420 id
2068 371 2151 427 est,

406 444 545 491 calida
575 445 708 490 virtus
724 477 737 497 ‚
774 460 822 501 ac
850 446 974 507 ignca
1000 443 1178 487 nimium
1203 440 1418 488 excefl'crit
1441 475 1455 495 ‚
1482 440 1663 486 ficcitate
1695 439 1842 485 omnia
1850 449 2028 503 pereunt
2045 457 2058 483 .·
2092 437 2154 485 sm

403 511 634 573 veroJuno
650 543 664 563 ‚
698 507 870 554 humida
889 504 1041 553 scilicet
1059 511 1101 554 &
1117 504 1288 553 ventosa
1305 521 1450 551 natura
1467 508 1628 551 Iovem·
1643 500 1853 565 aspernata
1872 499 2125 567 superaverit
2139 534 2162 551 ,ν

410 590 565 638 magna
583 574 641 618 vis
668 572 814 635 pluviae
833 569 971 617 delata
988 570 1145 616 diluvio
1163 572 1318 617 cuneta
1334 569 1508 616 vastabit
1525 585 1534 618 ε
1556 565 1681 631 quod
1696 569 1772 613 illis
1797 567 2065 631 temporibus
2091 564 2155 613 fa·-

408 640 542 687 ἃυῐη,
559 637 754 682 Boetiam
772 633 952 682 maxime
967 635 1190 698 regionem
1203 634 1417 698 probavit,
1430 649 1520 697 quae
1538 629 1807 678 multitudine
1825 647 2026 696 aquarum
2042 646 2158 677 torta

407 699 528 749 fuiss'e
539 702 710 749 dicitur:
747 701 862 762 Qua
873 715 1000 762 quam
1017 701 1202 762 primum
1218 697 1464 762 tempestate
1474 698 1687 743 transacta
1701 731 1714 751 ,
1725 711 1844 742 terrae
1857 707 2156 760 apparuerunt,

115 813 117 816 ,
149 765 391 816 1ffl²g⁰²⁸·³·
414 767 614 814 Deorum
637 766 928 810 reconciliatio
945 761 1057 808 facta
1068 762 1243 826 fingitur
1259 779 1269 812 ε
1304 764 1442 809 Prima
1457 774 1560 807 vcro
1579 762 1776 819 omnium
1794 760 2000 806 arborum
2013 765 2160 826 Qer-

343 861 351 865 -
414 848 490 878 cus
503 828 716 878 effloruit;
751 846 843 893 quae
857 843 951 873 non
966 827 1104 874 modo
1113 827 1194 889 piis
1209 824 1489 885 hominibus(
1507 840 1553 871 ut
1570 824 1785 871 Hesiodus
1804 826 1897 886 ait)
1917 840 2063 873 verum
2081 826 2163 873 eti*-

414 913 484 943 am
500 894 641 941 diluvii
651 892 837 957 reliquiis
848 892 1053 957 opitulata
1064 890 1123 938 est
1147 910 1160 947 3
1195 908 1292 938 cum
1310 887 1486 958 glandes
1503 892 1611 937 rami
1632 888 1768 938 ferant
1777 924 1791 946 ‚
1811 895 1859 938 δι’
1870 907 1968 955 apes
1981 906 2079 936 cum
2096 905 2160 936 te-

415 975 486 1029 gat
502 974 695 1006 truncus,
1798 976 1802 990 ³
2036 999 2039 1001 ,

157 1032 387 1083 Iuno-aiaRosa.
479 1029 693 1071 Iunonem
708 1035 871 1068 veteres
888 1019 1188 1067 candidisliliis
1205 1017 1497 1073 coronabant,
1523 1037 1615 1084 quae
1648 1021 1851 1066 Iunonias
1881 1018 1996 1066 rosas
2018 1018 2162 1083 appel-

412 1089 578 1136 labant³
611 1103 708 1132 nam
725 1089 814 1147 ejus
831 1084 942 1132 laote
951 1082 1131 1148 respersa
1141 1118 1156 1139 ,
1190 1099 1236 1130 ut
1251 1080 1408 1130 fabulis
1428 1082 1577 1136 fertur,
1590 1083 1772 1130 candida
1783 1081 2019 1139 evaserunt;
2037 1083 2164 1131 fabu-

413 1153 552 1199 lantur
575 1152 689 1198 enim
705 1184 719 1205 ,
740 1154 888 1197 Iovem
908 1150 960 1196 ad
984 1155 1073 1212 ejus
1090 1149 1342 1195 dormientis
1361 1147 1493 1193 ubera
1522 1149 1756 1194 Herculem
1788 1146 1989 1196 infantem
2014 1149 2167 1195 admo-
2236 1146 2240 1150 ⁴

412 1215 512 1268 viss'e
521 1251 534 1272 ,
570 1232 626 1262 ne
636 1232 734 1268 eum
745 1212 820 1260 suo
839 1214 946 1261 laCte
976 1214 1181 1260 nutritum
1202 1245 1215 1266 ‚
1250 1227 1338 1257 tarn
1369 1208 1533 1258 infesto
1552 1212 1660 1259 odio
1681 1212 2014 1276 prosequeretur.
2084 1213 2169 1260 Sed

416 1299 514 1330 eum
531 1283 660 1326 nimis
677 1277 798 1326 avide
815 1279 877 1325 lac
899 1276 1172 1341 exsugentem
1189 1272 1374 1323 effecisse
1392 1291 1439 1322 ut
1454 1279 1553 1324 Dea
1569 1278 1785 1339 evigilaret
1801 1310 1815 1331 ,
1839 1280 2166 1341 cognitumque.

163 1355 368 1393 viazaffla„
419 1349 568 1407 Statim
578 1341 658 1392 esse
678 1345 944 1409 projeetum,
963 1345 1019 1389 ita
1035 1357 1081 1388 ut
1096 1341 1162 1388 lac
1181 1358 1257 1404 per
1275 1340 1422 1387 caelum
1461 1339 1725 1405 spargeretur
1744 1362 1756 1397 3
1793 1341 1979 1406 indeque
2005 1359 2055 1389 ea
2079 1343 2168 1389 caeli

417 1419 513 1478 ptus
541 1408 814 1456 dealbaretur
828 1437 840 1458 2
854 1404 994 1472 -quam
1016 1408 1123 1454 viam
1138 1407 1318 1452 lacteam
1384 1404 1605 1470 Astrologi
1623 1421 1799 1460 vocant,
1813 1405 1969 1471 aliquid
1985 1409 2109 1453 etiam
2125 1409 2169 1454 in

416 1493 551 1523 terras
571 1474 856 1536 instillat-etur,
891 1489 941 1518 ex
960 1489 1050 1535 quo
1074 1472 1156 1516 lilia
1172 1468 1478 1517 candescerent.
1544 1471 1832 1516 Tertullianus
1843 1471 2037 1526 testatur,
2088 1475 2172 1517 Ar·-

420 1540 674 1605 gisJunonis
701 1537 968 1582 simulacrum
994 1532 1113 1582 fuisse
1137 1569 1151 1591 ‚
1187 1536 1338 1582 vitium
1363 1537 1488 1581 ramis
1515 1533 1826 1581 circumdatum
1843 1568 1856 1588 ‚
1891 1534 2015 1600 quod
2029 1535 2173 1582 leonis

417 1597 575 1669 pellem
593 1600 1087 1666 pedibus-proculcabat:
1121 1600 1294 1665 perinde
1311 1614 1437 1663 atque
1452 1601 1496 1644 in
1513 1597 1975 1646 Bachi‘contumeliam
2008 1602 2173 1664 pampi-
2229 1602 2248 1610 '⁷

422 1686 506 1714 nos
518 1667 694 1731 gestaret
708 1700 722 1720 ‚
739 1666 996 1729 leonemque
1013 1665 1192 1712 calcaret
1208 1696 1219 1714 ,
1239 1679 1286 1710 ut
1296 1664 1472 1710 Herculi
1483 1665 1676 1727 injuriam
1695 1661 1852 1709 faceret
1868 1697 1881 1718 ,
1899 1681 2010 1728 quos
2022 1666 2175 1711 ambos

422 1733 644 1796 privignos
684 1732 880 1780 maximo}
901 1731 1009 1776 odio
1034 1727 1328 1778 insetffitbatur.
1395 1730 1575 1791 Lanuvij
1603 1730 1725 1789 Juno
1754 1725 1934 1792 sospita,
1967 1744 2185 1793 tanquam‘

419 1793 716 1845 Deatutelaris
727 1787 947 1840 colebatur
963 1828 976 1849 ‚
1003 1809 1049 1847 ut
1065 1796 1213 1849 Livius
1225 1791 1376 1849 refert3
1397 1790 1570 1855 ejusque
1588 1792 1720 1838 statua
1738 1791 1843 1838 ficut
1873 1793 2034 1840 Cicero
2052 1793 2178 1840 testa·
2236 1828 2241 1830 >

423 1875 494 1908 tm·
510 1894 525 1914 ‚
537 1862 704 1923 caprina
723 1859 830 1921 pelle
847 1858 1152 1911 amiciebatur,
1170 1856 1346 1904 Hastam
1363 1870 1491 1918 atque
1508 1855 1694 1903 Palmam
1711 1856 1890 1920 gestans.
1959 1857 2102 1904 Festus
2123 1856 2180 1904 de

422 1929 592 1973 Iunone
615 1920 811 1969 Februali
833 1926 1063 1985 Loquens,
1091 1939 1166 1968 cur
1184 1938 1230 1968 ea
1255 1923 1312 1967 ita
1334 1936 1669 1986 nuncuparetur,
1702 1922 1840 1985 inquit
1855 1955 1869 1975 ‚
1896 1923 1934 1969 ci
1963 1922 2180 1969 februario
2234 1928 2241 1931 ’

424 1985 567 2036 mense
583 1983 696 2033 sacra
713 1985 827 2039 fieri,
855 1990 1031 2049 ejusque
1057 1985 1180 2032 t'erias
1212 1983 1294 2031 ess'e
1317 1985 1583 2048 Lupercalia,
1612 2001 1698 2049 qua
1713 1985 1779 2032 die
1798 1987 1993 2033 mulieres
2009 1982 2182 2036 februa·
2249 2023 2252 2026 -

427 2055 581 2100 bantur
598 2052 622 2098 εἴ
637 2052 844 2113 Lupercis
870 2051 1051 2097 amiculo
1069 2051 1269 2103 Iunonis,
1305 2048 1347 2094 id
1366 2049 1425 2096 est
1444 2049 1551 2114 pelle
1576 2050 1760 2113 caprina.
1828 2046 2059 2098 Finxerunt
2075 2068 2183 2115 prae-
2216 2102 2224 2108 ,

428 2133 547 2164 terea
562 2115 685 2180 ipsius
705 2117 882 2160 Iunonis
895 2113 1162 2161 simulacrum
1172 2117 1342 2161 AEream
1370 2112 1570 2163 forficem
1586 2111 1835 2177 praeferens3
1861 2113 2021 2179 sumpta
2045 2130 2182 2162 trans-

434 2184 597 2227 latione
624 2184 694 2240 (ut
710 2178 856 2225 Suidas
875 2179 1006 2237 dicit)
1035 2180 1089 2224 ab
1109 2178 1319 2224 mcidente
1339 2178 1512 2242 capillos
1537 2176 1690 2224 forfice
1711 2184 1754 2226 δε
1779 2196 1932 2244 purum
1957 2197 2113 2244 corpus
2124 2197 2184 2235 >0„-

432 2244 653 2292 stendente
672 2263 682 2289 ;
709 2243 990 2306 quodmanus
1016 2243 1099 2290 aeri
1116 2260 1232 2307 culus
1242 2244 1362 2306 Juno
1378 2242 1436 2289 est
1447 2242 1698 2307 Symbolum
1716 2256 1742 2296 ‚‘
1755 2246 1796 2289 in
1814 2244 2005 2291 humanis
2022 2260 2186 2308 corpo-

434 2311 552 2356 ribus
576 2307 864 2372 expugnandis
890 2309 1103 2355 tribuitur.
1169 2312 1218 2353 ln
1240 2304 1435 2371 quodam
1456 2310 1612 2355 Neruae
1627 2306 1900 2364 numismate,
1915 2323 2110 2359 matrona
2125 2307 2186 2356 est

433 2391 535 2420 cum
557 2373 719 2419 radiata
738 2387 904 2418 corona
927 2374 973 2416 in
998 2372 1189 2418 Throno
1211 2369 1356 2418 sedens
1374 2405 1388 2426 ‚
1416 2372 1516 2419 laeva
1526 2371 1734 2437 sceptrum
1753 2379 1768 2428 “,
1798 2370 1972 2420 dextera
1986 2371 2186 2421 forficem

433 2435 733 2548 pra-’fertilium
760 2455 770 2482 :
802 2434 985 2489 Iudicari
1004 2435 1158 2499 poffit:
1192 2436 1322 2483 literae
1339 2451 1482 2484 tamen
1502 2454 1595 2502 quae
1618 2437 1662 2482 in
1685 2453 1748 2496 eox
1764 2437 1962 2502 leguntur
1984 2437 2047 2486 hae
2065 2434 2185 2494 siunt,
2234 2434 2250 2482 ,’

403 2591 409 2594 -
431 2592 438 2597 ⁶
498 2569 607 2613 Non
624 2566 795 2611 memini
806 2582 874 2611 me
900 2565 951 2610 de
963 2564 1045 2610 alio
1057 2567 1233 2615 Iunonis
1252 2565 1473 2613 simulacro
1484 2562 1626 2628 legisse
1642 2564 1715 2611 nisi
1737 2566 1857 2630 quod
1875 2565 2003 2631 aliqui
2016 2581 2115 2618 ,eam
2125 2581 2190 2615 ta·

436 2631 550 2677 fiam
565 2628 771 2694 effingunt
789 2662 802 2683 2
822 2630 1017 2676 manibus
1035 2645 1291 2692 papaverum
1310 2633 1447 2694 capita
1477 2639 1693 2676 tenentem
1714 2664 1725 2682 ‚
1743 2646 1791 2677 ac
1816 2631 1869 2677 ad
1885 2631 2013 2695 pedes
2027 2633 2192 2696 Jugum

437 2695 794 2754 babentemffioc
807 2698 1033 2743 innuentes
1045 2711 1135 2758 quo
1145 2696 1274 2758 padio
1285 2697 1397 2742 inter
1408 2692 1447 2743 se
1463 2700 1668 2760 conjuges
1685 2698 1904 2759 conjuncti
1914 2693 1993 2744 effe
2006 2696 2193 2745 debeant

2060 2762 2201 2824 idem-
