2279 2938
409 200 519 247 Haec
534 196 772 248 Luctatius.
837 196 919 246 Sed
944 199 1207 247 Donatusin
1231 198 1415 264 Adelph.
1458 201 1630 248 Terent.
1661 215 1789 264 atque
1815 200 2040 249 Serviusin
2071 200 2160 266 pri·
2184 208 2187 209 ’
2215 248 2222 255 ,

409 276 529 312 mum
544 261 704 311 AEneid.
720 260 854 329 ipsum
870 263 996 311 etiam
1022 266 1310 327 Hymenaeum
1327 262 1500 311 tradunt
1517 265 1672 330 puellas
1689 263 1882 312 liberasse
1898 298 1919 320 ,ν
1931 278 2028 313 cum
2047 269 2160 330 pira-

410 343 473 376 tas
499 327 652 375 somno
668 325 869 394 fatigatos
879 325 1160 375 interfecisset.
1229 331 1338 375 Haec
1363 329 1511 376 Graeci
1526 330 1578 375 de
1589 329 1829 394 nuptiarum
1844 329 2008 378 suariun
2024 332 2157 379 Deo:

415 392 489 439 sed
515 395 708 441 Romani
736 394 894 440 ominis
926 391 1045 440 causa
1063 392 1385 441 Thalaffionem
1402 394 1444 440 iu
1468 394 1626 455 nuptiis
1658 393 1929 442 invocabant.
1991 396 2083 442 Res
2099 395 2159 443 ita

414 459 548 506 habet
563 485 573 512 ς
588 457 973 523 *quemadmodum
989 475 1079 505 eam
1091 459 1232 506 Livius
1243 454 1437 506 describit
1452 476 1464 504 ς
1481 460 1639 506 Romae
1654 455 1810 506 scilicet
1824 460 1874 504 in
1887 458 2158 522 raptu-Sabi-

415 539 566 570 narum
582 525 793 587 virginem
817 540 943 570 unam
967 556 980 577 ,
1005 522 1137 588 longe
1148 537 1242 570 ante
1267 523 1363 570 alias
1388 520 1523 589 specie
1539 529 1584 571 &
1603 521 1892 588 pulcritudine
1912 523 2120 587 insignem
2133 523 2168 571 εὶΑ

415 587 556 652 globo
573 588 775 635 Thalaffii
795 586 1006 646 cujusdam
1029 603 1190 651 raptam
1220 586 1339 634 fuisse
1358 606 1370 643 ;
1389 584 1615 653 multisque
1641 584 1936 635 sciscitantibus
1952 620 1967 642 ,
1987 590 2157 634 cuinam

415 661 509 700 eain
519 651 725 700 ducerent
739 652 993 715 ‚identidem
1014 685 1026 701 ,
1046 668 1099 698 ne
1110 654 1202 715 quis
1223 670 1315 700 eam
1339 653 1542 708 violaret,
1563 651 1781 699 Thalaffio
1800 649 1899 698 ferri
1922 685 1933 702 ‚
1963 654 2156 703 ‘clamita-

414 732 509 764 tum
528 713 861 781 :propterquod
878 716 1111 780 nuptialem
1127 717 1236 762 hanc
1247 734 1399 763 vocem
1416 715 1584 764 factam.
1651 720 1741 762 Aut
1753 716 1821 762 hic
1839 718 1941 763 ritus
1959 717 2058 763 inde
2068 719 2157 764 ori·

417 783 557 848 ginem
573 782 725 833 trahit5
746 781 867 846 qued
876 778 1093 827 Thalassio
1111 814 1124 834 ‚
1134 783 1473 842 juxtarVanonis
1488 778 1750 831 sententiam,
1764 779 1925 844 signum
1957 780 2157 829 sitlanifi-
2170 799 2182 806 ⁷

160 865 348 916 fl‘halaffius
359 869 396 904 ᾗ,
416 852 471 894 cii
489 867 499 895 :
522 863 624 892 nam
640 845 957 893 Thalaffioiiem
980 846 1199 893 vocabant
1216 844 1434 910 quasillum
1459 863 1529 892 vas
1539 848 1686 910 utique
1702 847 1893 894 lanificiis
1913 861 2058 908 aptum
2076 866 2085 893 ι
2106 860 2154 893 ut

158 923 283 970 nuptus
303 925 357 958 in·
413 911 492 959 hac
509 927 621 958 voce
636 909 780 975 saepius
796 911 972 975 repetita
987 943 1000 964 ,
1019 907 1211 973 sponsam
1222 910 1501 957 admonerent
1515 944 1529 966 ‚
1555 909 1774 975 quodnam
1785 913 1871 969 ejus
1889 910 1988 958 esset
2003 927 2157 968 munus

160 985 322 1013 wcasus·
411 976 636 1025 futurum:
668 976 712 1023 id
728 977 854 1023 etiam
865 974 1111 1022 Plutarchus
1122 976 1163 1021 in
1181 974 1524 1022 Problematibus
1550 975 1779 1021 confirmat
1795 974 2022 1029 ‚treferens
2074 992 2156 1023 uo-

410 1058 517 1104 que‚
534 1040 654 1106 quod
664 1038 850 1103 superius
866 1039 919 1085 de
937 1039 1037 1085 colo
1054 1071 1068 1093 ‚
1098 1055 1225 1103 atque
1241 1037 1334 1085 fuso
1352 1073 1367 1095 ,
1387 1039 1709 1103 atquettisanfitu
1726 1057 1800 1102 per
1817 1038 1947 1087 vellus
1979 1042 2048 1086 ovi
2069 1041 2156 1087 lum
2192 1076 2196 1077 γ

410 1108 592 1153 diximus
617 1125 628 1153 z
663 1103 737 1151 sed
753 1110 795 1152 &
812 1104 956 1151 Festus
975 1105 1062 1151 vult
1078 1102 1269 1168 sponsam
1300 1101 1420 1168 supra
1442 1104 1485 1150 id
1510 1100 1649 1150 sedere
1667 1103 1860 1158 {olitam;
1887 1121 1937 1151 ex
1963 1121 2017 1150 eo
2042 1105 2155 1151 enim

411 1172 504 1218 lana
519 1169 717 1225 sumitur,
736 1185 830 1232 quae
840 1169 987 1234 postea
1002 1167 1105 1215 colo
1117 1183 1282 1233 aptatur
1309 1189 1320 1224 3
1355 1167 1581 1231 atquehaec
1599 1168 1730 1228 verba
1747 1178 1965 1233 concepta
1984 1166 2129 1216 dixisse
2141 1183 2154 1210 ἱ

351 1251 371 1275 ⁷
411 1237 503 1286 Ubi
517 1251 564 1283 tu
581 1238 738 1298 Cajus,
751 1253 835 1300 ego
848 1237 955 1281 Caia
973 1251 982 1282 ε
1003 1233 1159 1296 quibus
1175 1233 1315 1283 verbis
1327 1232 1622 1295 defiguabatur
1636 1266 1650 1286 ,
1670 1234 1815 1279 omnia
1829 1234 1943 1283 interr
1960 1248 2159 1280 maritum

360 1319 373 1331 ¹¹
414 1316 735 1366 atqueuxorem
745 1300 990 1347 communia
1007 1295 1087 1344 effe
1106 1296 1279 1344 debere.
1345 1295 1494 1359 Atque
1504 1294 1714 1353 senserunt
1731 1298 1885 1359 aliqui,
1915 1294 2158 1361 hujusmodi

412 1384 573 1416 nomen
584 1368 624 1412 in
634 1364 890 1428 nuptialibus
910 1364 1169 1411 caeremoniis
1192 1359 1311 1409 fuiffe
1329 1360 1563 1409 adhibitum
1582 1361 1774 1415 ,incaiae
1797 1364 2157 1412 Caeciliaememo-

414 1434 544 1487 riam,
556 1449 647 1496 quae
660 1428 807 1476 eadem
823 1427 1037 1494 Tanaquil
1048 1428 1274 1492 Tarquinii
1286 1424 1408 1473 Prisci
1432 1444 1542 1473 uxor
1560 1423 1639 1472 fuit
1654 1460 1666 1477 ‚
1687 1428 1837 1472 mulier
1854 1426 1946 1479 sane
1978 1424 2155 1488 sapiens,

414 1514 546 1562 atque
563 1496 683 1542 omni
695 1495 896 1540 virtutum
914 1509 1070 1560 genere
1096 1490 1293 1557 praedita,
1312 1508 1496 1555 quaeque,
1505 1490 1689 1537 domum
1713 1489 1872 1536 summa
1895 1507 1992 1538 cum
2010 1494 2158 1555 provi-

417 1561 563 1610 dentia
577 1557 891 1608 administravit.
960 1564 1111 1622 Qare
1136 1557 1290 1604 Plinius
1316 1574 1366 1602 ex
1398 1561 1599 1603 Varrone
1622 1555 1750 1603 refert
1766 1590 1775 1600 .
1819 1555 1974 1602 Romae
2005 1572 2158 1621 magna

417 1645 515 1676 cum
535 1628 741 1692 religione
761 1629 850 1687 ejus
868 1621 1005 1669 fusum
1028 1657 1042 1678 ‚
1067 1638 1194 1687 atque
1213 1623 1358 1668 colum
1381 1619 1498 1668 fuiffe
1512 1617 1736 1667 ‘servatum
1760 1647 1770 1673 ς
1807 1619 2004 1684 crepidas
2029 1620 2158 1686 aliqui

413 1692 587 1740 addunt.
652 1691 859 1753 Hincque
883 1686 1044 1737 fafitum
1055 1685 1134 1734 effe
1160 1685 1341 1733 afferunt
1363 1720 1377 1742 ,
1413 1701 1460 1732 ut
1483 1682 1661 1749 sponsa,
1685 1685 1760 1732 ubi
1806 1686 1961 1731 timum
1983 1689 2066 1733 vii'i'
2076 1686 2159 1732 do·-

333 1781 378 1812 9:
415 1755 835 1819 mumingrederetur
866 1785 877 1804 ,
913 1752 1054 1799 secum
1071 1754 1214 1799 colum
1233 1762 1314 1798 una
1327 1768 1425 1797 cum
1448 1749 1545 1796 lana
1568 1783 1582 1804 ,
1615 1764 1742 1815 atque
1760 1702 1852 1796 diso
1871 1748 2039 1813 afferret
2061 1784 2075 1805 ,
2109 1763 2159 1797 ut

414 1820 572 1869 scilicet
587 1817 691 1866 sead
707 1819 909 1864 virtutem
924 1817 1107 1864 mulieris
1130 1815 1513 1880 hujusimitandam
1528 1817 1759 1868 excitaret,
1784 1831 1876 1879 quae
1894 1811 1973 1862 suis
1996 1815 2159 1862 labori·
2180 1835 2184 1837 ⁴

416 1889 497 1934 bus
515 1887 678 1949 regiam
701 1881 856 1932 yestem
873 1885 1023 1929 Servio
1033 1880 1185 1928 Tullio
1204 1878 1279 1927 suo
1310 1898 1470 1945 genero
1498 1877 1722 1926 confecisse
1739 1878 1870 1926 fertur
1888 1897 1900 1926 ι
1924 1881 2051 1927 Hanc
2073 1897 2159 1944 po·-
2207 1912 2210 1913 ν

414 1952 504 2001 stea
517 1949 570 1996 ad
587 1946 770 1994 fortunae
786 1944 991 2010 templum
1004 1944 1314 2010 suspenderunt.
1382 1943 1574 2009 Cingulo
1600 1942 1765 2008 insuper
1789 1955 1921 2008 nupta
1953 1945 2161 2009 cingeba-->

414 2032 486 2063 tur
499 2049 514 2070 ‚
542 2011 664 2079 quod
685 2013 750 2057 vir
763 2012 932 2057 inlec‘sto
950 2007 1153 2059 soluebat‚
1228 2011 1410 2056 Paetum
1426 2009 1469 2054 id
1480 2008 1635 2054 exlana
1645 2010 1738 2055 ovis
1751 2013 1898 2056 Sextus
1922 2013 2158 2072 Pompejus

413 2081 553 2134 'dicit3
587 2092 634 2123 ut
650 2074 756 2122 sicut
773 2073 845 2121 illa
862 2078 911 2120 in·
923 2075 1076 2137 glomis
1101 2071 1259 2120 sublata
1269 2073 1615 2135 conjunffliinter
1631 2069 1670 2119 se
1691 2072 1751 2119 est
1772 2102 1782 2128 ³
1803 2074 1869 2120 Sic
1891 2074 1954 2121 vir
1978 2072 2076 2119 snus
2095 2070 2157 2119 se·
2222 2070 2226 2073 ’

415 2161 514 2192 cum
538 2142 705 2189 vinfims
722 2173 736 2196 ‚
754 2138 1091 2202 conjun6tusque
1109 2135 1225 2188 estet.
1269 2138 1502 2202 Cingulum
1514 2137 1556 2196 id
1574 2135 1965 2197 Herculanonodo
1975 2138 2158 2194 νὶἑὶιιιῃ,

413 2209 479 2257 vir
511 2207 669 2254 ominis
711 2201 830 2251 causa
858 2203 1049 2251 soluebat
1079 2238 1093 2258 ,
1135 2216 1182 2248 ut
1217 2201 1272 2249 fic
1300 2203 1394 2267 *ipse
1427 2201 1527 2249 felix
1559 2205 1605 2248 in
1629 2199 1893 2266 suscipiendis
1920 2201 2063 2249 liberis
2097 2200 2160 2249 es-

416 2288 471 2322 et.
538 2273 653 2318 Sicut
683 2271 894 2315 Hercules
923 2265 1004 2314 fuit
1036 2301 1051 2322 ,
1086 2268 1159 2332 qui
1192 2270 1318 2313 LXX.
1350 2265 1511 2313 liberos
1542 2267 1743 2331 reliqum:
1797 2271 1858 2312 In-
1880 2284 1970 2331 quo
2010 2268 2158 2320 Deam

413 2331 711 2401 Virginensem
745 2335 808 2380 vir
846 2332 1074 2379 invocabat
1097 2366 1110 2386 ,
1160 2349 1254 2396 quae
1293 2328 1424 2378 fasciis
1458 2332 1734 2396 virginalibus
1769 2327 1952 2380 feliciter
1990 2332 2159 2380 solven-

415 2403 479 2450 dis
505 2397 673 2465 praeeffe
711 2395 978 2444 credebatur.
1052 2399 1178 2443 Hanc
1218 2398 1365 2443 Deam
1402 2411 1450 2442 ut
1483 2399 1543 2444 D.
1587 2395 1855 2462 Augustinus
1887 2395 1965 2442 lib.
2003 2400 2080 2446 VI.
2102 2397 2159 2444 de
2192 2406 2202 2407 ’

415 2467 545 2515 Civit.
571 2465 661 2512 Dei
684 2479 735 2509 ex
744 2466 943 2510 Varrone
958 2459 1087 2507 refert
1103 2495 1117 2515 ‚
1150 2472 1234 2508 una
1251 2477 1346 2507 cum
1365 2478 1518 2525 magna
1546 2463 1749 2508 Deorum
1765 2460 1892 2506 turba
1905 2462 1957 2507 in
1976 2461 2159 2509 cubicu-

416 2532 505 2578 lum
519 2527 721 2576 ‘ferebant
745 2561 758 2583 ,
783 2541 831 2573 ut
849 2527 897 2573 iis
924 2526 1229 2590 opitulantibus
1248 2559 1261 2580 ,
1280 2528 1349 2572 vir
1363 2522 1526 2571 facilius
1542 2525 1808 2589 Virginalem
1823 2523 1981 2572 florem
2004 2524 2159 2573 decer-

416 2610 538 2661 peret
554 2629 566 2649 ‚
583 2609 729 2656 neque
740 2588 892 2656 sponsa
903 2589 950 2636 id
959 2588 1382 2644 reformidaret‚cum
1391 2604 1460 2635 tot
1474 2591 1602 2636 Deos
1617 2586 2063 2653 praesentes‘cerneret,
2075 2596 2161 2655 qui-

414 2670 516 2705 'eam
541 2656 595 2705 ad
605 2656 847 2706 sesemarito
857 2653 1188 2719 permittendam
1205 2653 1512 2705 hortabantur,
1533 2653 1734 2716 quolibet
1749 2652 1872 2701 suum
1899 2673 2059 2703 munus
2085 2675 2158 2703 ex-

415 2737 640 2772 exercente
664 2747 675 2775 ς
696 2739 795 2770 nam
809 2721 1006 2770 distine'ta
1019 2733 1139 2767 erant
1149 2721 1257 2767 inter
1273 2736 1349 2767 eos
1365 2735 1557 2771 munera.
1585 2765 1587 2767 ,
1629 2717 1715 2768 Sed
1745 2720 1975 2784 Coryphaei
2004 2723 2161 2773 Venus

1998 2823 2001 2825 Α
2026 2800 2158 2852 atque
2261 2815 2279 2848 ·;

2274 2896 2279 2935 ι’
