2279 2938
188 54 191 55 ’
259 88 280 95 ,
573 63 1087 131 commisi-rua
1131 61 1537 113 1MAG1NE3.
1860 65 1915 115 ιν

129 204 132 207 Δ
162 153 280 204 mvis
295 185 310 207 ‚
344 163 430 218 qua
454 151 652 200 Saturnus
672 154 714 198 in
745 150 906 198 Italiam
934 148 1155 213 applicavit
1177 181 1192 202 ‚
1223 149 1267 195 in
1297 150 1422 195 altera
1441 143 1538 213 Jani
1564 146 1745 212 bicipitis
1763 148 1907 214 imago

151 211 418 281 «estexpress’a
450 237 461 263 ε
495 214 1000 278 HujusmodienimJano
1034 211 1170 276 figura
1188 227 1236 258 ut
1258 218 1302 261 &
1334 211 1506 260 inferius
1537 212 1774 261 videbimus
1791 219 1910 260 attri-

163 279 318 326 buituF
338 313 350 332 ‚
383 282 525 345 itaque
565 281 627 326 ob
665 277 863 345 facinora,
895 278 1064 342 egregia
1103 282 1160 322 ita
1203 281 1403 324 Saturnus
1454 295 1604 324 eorum
1647 279 1909 341 populorum

162 346 332 390 {nimos
362 345 439 394 sibi
464 343 702 390 conciliavit
724 376 740 397 ‚
775 355 821 388 ut
848 341 1014 389 divinos
1040 339 1116 387 fibi
1140 338 1330 388 honores
1357 375 1370 395 ‚
1405 358 1486 386 una
1517 359 1613 387 cum
1646 344 1752 401 Jano
1778 343 1831 388 ab
1849 344 1909 388 eis

166 422 400 455 mereretur
419 409 527 454 :ilua
552 408 663 452 enim
685 405 931 470 tempestate
955 407 1036 450 iiin
1047 405 1170 451 divos
1182 402 1485 454 referebantur,
1499 399 1760 469 quiali‘quam
1777 422 1912 453 artem

166 471 360 535 humanis
381 471 520 518 ufibus
541 469 908 516 accommodatam
929 467 1015 516 ise
1033 470 1248 515 inventam
1268 469 1463 516 homines
1482 467 1733 518 docuissent.
1798 474 1913 516 Inter

169 534 274 601 quas
304 536 406 582 nihil
432 530 526 581 sane
551 535 692 580 utilius
716 535 947 597 excogitari
965 532 1106 599 potest
1134 549 1252 580 terrae
1277 534 1518 584 excolendae
1543 551 1591 580 ac
1616 532 1912 581 foecundandae

169 596 335 648 ratio‘ne
353 632 367 653 ,
400 616 529 663 quam
553 602 756 645 Saturnus
787 598 963 644 rudibus
981 599 1058 644 illis
1078 598 1332 647 hominibus
1357 597 1604 645 monstravit
1623 632 1636 653 ,
1667 616 1718 644 ex
1737 596 1912 662 hocque

169 664 365 712 Stercutii
397 677 736 727 cognomentum
755 662 778 709 εἰ
794 661 1072 709 stercorandis
1099 664 1207 726 agris
1230 664 1462 727 reportavit
1493 696 1508 716 ‚
1536 662 1721 727 ideoque
1748 667 1798 708 ex'
1824 678 1915 708 non

169 728 384 776 nullorum
410 725 611 774 sententia
635 726 789 775 falcem
823 726 955 792 gestat
970 760 984 781 ‚
1015 742 1192 790 propter
1217 727 1478 792 agricultura:
1502 724 1654 774 scilicet
1689 727 1913 774 rationem.

143 806 153 809 ”
171 797 290 855 cujus
308 788 391 856 ipse
407 806 605 856 repertor
623 792 735 856 apud
746 793 874 838 {talos
892 789 973 838 fuit
997 811 1010 846 ;
1045 793 1165 838 Falce
1183 792 1324 837 autem
1336 792 1386 837 ad
1404 789 1547 855 fruges
1565 790 1836 838 demetendas
1853 792 1914 837 uti
2019 846 2022 847 ⁷

168 855 352 904 solemus
373 862 390 903 ?
425 859 606 903 Saturno
623 872 749 902 etiam
773 871 940 920 tempus
956 857 1073 903 innui
1097 889 1110 910 ,
1134 872 1297 908 veteres
1316 857 1543 903 voluerunt
1568 875 1580 911 ;
1608 855 1661 902 ad
1680 873 1808 919 quam
1822 872 1913 901 rem
1935 858 2170 906 Satusnuspro

170 922 322 969 multas
332 922 516 968 rationes
536 920 592 966 illi
604 921 854 976 attulerunt,
872 937 975 984 quas
993 954 1007 975 ,
1025 937 1123 967 cum
1134 917 1324 984 suscepto
1342 935 1594 984 argumento
1613 937 1703 966 non
1729 920 1910 966 multum
1933 918 2144 968 ‘⁶.”¹?⁰'³‘⁴'

171 983 395 1034 inserviant
409 1019 423 1041 ‚
442 986 689 1036 omittimus,
714 986 912 1032 Eundem
923 986 1068 1032 Graeci
1085 1003 1232 1047 κςσυομ
1244 999 1504 1031 vocaverunt
1521 1019 1534 1040 ,
1562 990 1632 1048 qui
1652 983 1712 1030 est
1736 985 1849 1030 idem
1867 1000 1915 1029 ac
1933 971 2039 1013 gutur.

171 1051 350 1117 spatium
372 1051 579 1114 temporis
611 1066 622 1098 t
655 1049 700 1097 id
717 1048 858 1113 effigie
883 1047 1232 1113 repraesentabant
1248 1083 1262 1103 ‚
1281 1067 1409 1113 quam
1437 1049 1563 1095 veluti
1589 1049 1775 1095 hominis
1791 1046 1914 1104 senis,
1940 1066 2085 1107 saturus·

171 1114 349 1182 pannosi
375 1148 388 1169 ‚
415 1116 550 1178 capite
582 1130 733 1179 aperto
764 1147 779 1168 ,
805 1115 932 1160 altera
960 1130 1089 1160 manu
1112 1111 1262 1159 falcem
1296 1147 1309 1167 ,
1341 1114 1467 1159 altera
1499 1131 1603 1160 vero
1648 1111 1789 1160 nescio
1815 1113 1919 1177 quid
1940 1131 2063 1172 bna).

119 1183 134 1187 ”
173 1197 318 1247 panno
345 1180 584 1226 involutum
610 1178 805 1242 gestantis
831 1176 952 1242 quod
969 1179 1012 1223 in
1029 1177 1171 1225 fauces
1198 1179 1411 1239 conjicere
1427 1177 1639 1224 videretur
1668 1210 1680 1228 ‚
1710 1182 1919 1242 quiltuor-

107 1288 113 1289 ἶ
174 1263 258 1309 que
276 1240 452 1290 infantes
485 1261 622 1308 prope
654 1243 848 1289 habentis
881 1238 1142 1307 effingebant
1168 1262 1181 1287 .-
1215 1259 1307 1306 quae
1327 1243 1383 1287 ita
1399 1240 1487 1288 fere
1512 1258 1783 1305 exponuntur
1815 1246 1919 1288 :Sa-

173 1325 332 1358 turnus?
350 1305 504 1361 senex,
523 1304 822 1371 pannosusque
839 1304 1108 1363 describitur3
1135 1309 1331 1370 Tempus
1364 1308 1474 1352 enim
1486 1321 1556 1352 aut
1574 1303 1914 1371 semperexstitit‚
1939 1280 2113 1334 Εἴσῃ-βω

174 1388 247 1423 aut
264 1390 361 1420 cum
370 1372 534 1419 mundo
553 1373 673 1435 caepit
688 1405 702 1426 ‚
725 1371 850 1436 quod
866 1370 924 1418 est
949 1371 1086 1417 statim
1109 1386 1235 1435 atque
1253 1389 1302 1417 ex
1332 1370 1440 1417 chao
1480 1386 1666 1435 quatuor
1683 1371 1922 1417 elemento-
1942 1344 2116 1440 {ZZZ

144 1450 149 1453 '
174 1456 271 1486 rum
291 1436 504 1484 distinctio
523 1437 710 1500 prodiit,
743 1432 979 1500 exindeque
1018 1453 1158 1482 rerum
1190 1438 1384 1483 omnium
1402 1436 1645 1500 procreatio
1669 1437 1923 1500 principium

175 1500 348 1568 sumpsit
368 1534 383 1557 ,
402 1518 498 1548 cum
513 1515 615 1547 tunc
626 1502 810 1565 primum
822 1501 978 1547 coelum
989 1500 1032 1546 in
1050 1500 1203 1548 orbem
1222 1497 1344 1565 supra
1361 1514 1512 1547 terram
1523 1502 1716 1565 torqueri
1731 1502 1924 1563 incoepe-
1947 1505 2079 1562 Imago
2090 1521 2126 1546 z.
2139 1515 2174 1540 a·

175 1569 260 1624 tit3
281 1566 332 1612 ad
356 1569 474 1628 cujus
489 1583 662 1612 morum
685 1565 1077 1629 hominessscmpus
1101 1567 1238 1612 metiri
1250 1583 1424 1630 quoque
1445 1580 1668 1628 coeperunt
1702 1584 1712 1611 :
1746 1582 1796 1610 ex
1812 1563 1926 1611 hoc·
2032 1572 2035 1575 “

81 1643 83 1645 ’
134 1659 142 1662 -
212 1650 263 1680 ue
282 1633 402 1677 locus
422 1629 481 1676 est
495 1627 645 1678 fabulae
684 1629 805 1677 datus
823 1664 836 1685 ,
870 1647 963 1695 quae
982 1633 1183 1678 Saturnus
1207 1631 1338 1677 Urani
1366 1629 1500 1677 filium
1526 1663 1540 1683 ,
1576 1627 1697 1694 quod
1728 1628 1788 1675 est
1812 1628 1925 1681 eceli,

177 1651 290 1746 pacit.
305 1696 497 1754 Romani
515 1710 658 1741 autem
675 1712 771 1741 cum
796 1696 895 1741 huic
910 1696 1018 1742 Deo
1034 1695 1241 1759 templum
1268 1691 1588 1741 construxissent
1602 1727 1616 1748 ,
1645 1698 1732 1756 ejus
1757 1695 1799 1738 in
1815 1691 1929 1740 fasti-

211 1764 256 1808 io
270 1761 472 1808 tritonem
493 1776 589 1805 cum
615 1760 794 1806 buccina
809 1755 1033 1824 sculpsere‚
1052 1760 1248 1807 volentes
1279 1777 1353 1823 per
1370 1758 1457 1805 hoc
1472 1758 1646 1822 intelligi
1663 1761 1925 1816 (utMacro-
1947 1772 1951 1773 ⁷

158 1780 260 1874 {io
283 1824 479 1882 videtur)
501 1823 556 1870 ab
581 1826 670 1886 ejus
691 1825 1104 1871 commemoratione
1121 1826 1166 1870 in
1181 1823 1374 1870 nostrum
1400 1820 1530 1888 usque
1549 1840 1683 1869 aevum
1709 1821 1925 1868 historiam
1948 1847 2102 1896 Historia

185 1892 339 1939 claram
351 1884 432 1935 effe
456 1921 471 1942 ,
498 1902 625 1952 atque
654 1888 869 1942 vocalem,
883 1905 975 1952 quae
993 1903 1089 1935 ante
1105 1905 1204 1935 eum
1218 1902 1340 1943 >muta
1358 1886 1537 1936 obscura
1563 1902 1690 1951 atque
1709 1888 1926 1950 incognita
1947 1901 2082 1953 quando
2090 1903 2144 1938 in-

181 1952 299 2003 effet.
342 1955 446 1999 Erat
465 1952 602 1999 autem
620 1952 735 1999 idem
752 1952 937 1999 vestibus
962 1953 1020 1999 ita
1040 1952 1189 2000 vilibus
1208 1953 1386 1999 ami&us
1397 1952 1794 2015 ,utintelligeremus
1804 1952 1926 1997 initio
1949 1957 2102 2006 cteperit.

180 2021 318 2070 statim
348 2017 401 2063 ab
427 2015 536 2064 orbe
564 2017 750 2064 condito'
773 2017 969 2063 homines
994 2019 1039 2063 in
1057 2017 1172 2064 cultu
1195 2019 1391 2081 corporis
1417 2016 1721 2080 simplicitatem
1745 2013 1932 2063 adamas-

181 2083 223 2133 se
249 2111 258 2138 5
285 2099 365 2129 nec
389 2082 491 2128 ullas
514 2081 748 2128 mundicias
767 2078 991 2146 quaesiviffe
1007 2082 1129 2146 quod
1145 2079 1185 2128 se
1210 2084 1351 2128 πρᾶος
1370 2078 1449 2127 ess'e
1469 2082 1659 2126 contenti
1670 2076 1812 2126 effent.
1846 2085 1932 2127 At·

185 2162 268 2215 'que
284 2143 512 2195 nonsolum
540 2145 754 2193 levidensae
779 2150 869 2210 ejus
894 2161 1013 2192 erant
1043 2144 1201 2200 vestes,
1221 2150 1437 2193 verum&
1458 2145 1648 2191 contritae
1667 2158 1794 2208 atque
1818 2144 1934 2201 lace.

183 2232 241 2268 εκ
258 2248 273 2268 ,
298 2228 399 2260 cum
411 2208 658 2273 hujufinodi
666 2213 797 2276 magis
816 2210 868 2258 ad
885 2208 1143 2257 seneclutem
1153 2208 1407 2256 innuendam
1424 2205 1621 2272 facerent.
1657 2212 1811 2272 Capite
1826 2212 1931 2273 quin

144 2329 148 2331 Δ
188 2281 313 2326 etiam
330 2291 423 2330 erat
442 2291 590 2339 aperto
609 2296 622 2332 3
642 2293 689 2322 ea
699 2279 810 2322 enim
820 2273 1067 2339 tempestate
1083 2308 1099 2329 ,
1131 2291 1228 2321 cum
1256 2277 1290 2322 is
1311 2290 1453 2320 rerum
1476 2273 1722 2338 potiebatur
1736 2307 1751 2328 ,
1778 2292 1860 2339 qua
1885 2280 1930 2322 &

189 2343 372 2391 {eculum
388 2357 570 2386 aureum
588 2342 730 2405 vigere
749 2338 808 2387 est
825 2340 987 2386 dictum
1002 2372 1016 2394 ,
1036 2339 1186 2401 veritas
1199 2338 1399 2385 omnibus
1417 2352 1505 2384 erat
1515 2339 1626 2384 nuda
1636 2353 1762 2402 atque
1773 2355 1929 2402 aperta.

188 2408 309 2462 nullis
326 2403 552 2460 fucorum,
572 2420 642 2450 aut
658 2403 977 2450 mendaciorum
999 2404 1253 2457 involucris,
1281 2402 1402 2468 quod
1419 2401 1566 2467 postea
1583 2404 1764 2466 contigit
1783 2418 1939 2460 conte-

190 2475 275 2522 ἂι.
309 2473 406 2518 Hac
423 2486 511 2533 quo
548 2486 600 2515 ue
619 2470 788 2515 ratione
805 2468 942 2515 eidem
965 2468 1139 2515 detorto
1157 2469 1292 2531 capite
1311 2468 1415 2514 olim
1427 2484 1492 2513 res
1513 2464 1623 2513 sacra
1649 2465 1782 2513 fiebat
1803 2501 1817 2521 ‚
1840 2482 1941 2513 cum

189 2537 278 2584 aliis
303 2537 403 2583 Diis
421 2486 697 2580 sacrianntes
715 2548 839 2597 caput
860 2533 1130 2597 obtegerent.
1192 2533 1290 2578 Falx
1315 2533 1358 2577 in
1375 2532 1570 2578 manibus
1599 2530 1657 2577 est
1673 2547 1941 2595 argumento,

190 2617 358 2665 tempus
375 2598 520 2646 omnia
529 2611 688 2645 metere
704 2630 720 2652 ‚
740 2612 866 2663 atque
883 2597 1083 2644 incidere.
1114 2596 1162 2643 Id
1180 2610 1286 2644 vero
1303 2596 1423 2661 quod
1441 2598 1508 2642 ori
1532 2609 1732 2659 tanquam
1753 2611 1944 2648 voratus,

187 2666 398 2714 admovet
412 2661 798 2727 ‚fignificatoumia
806 2678 1004 2727 tempore
1024 2671 1144 2716 orta,
1159 2675 1355 2727 tempore
1374 2678 1550 2728 quoque
1575 2659 1744 2707 tandem
1769 2657 1945 2713 absumi,

180 2746 185 2747 ⁷
734 2740 737 2741 ’
1143 2727 1186 2774 C
1825 2728 1944 2785 cujus
